% This file was created with JabRef 2.10.
% Encoding: UTF-8


@PhdThesis{Ackermann2007,
  Title                    = {Dynamics and Energetics of Walking with Prostheses},
  Author                   = {M. Ackermann},
  School                   = {University of Stuttgart},
  Year                     = {2007},

  Address                  = {Stuttgart, Germany},

  __markedentry            = {[rsinnet:2]},
  File                     = {:Ackermann2007.pdf:PDF},
  Owner                    = {rsinnet},
  Timestamp                = {2014.10.22},
  Url                      = {http://elib.uni-stuttgart.de/opus/volltexte/2008/3408/}
}

@InProceedings{Ahmadi2008,
  Title                    = {Non-monotonic {L}yapunov functions for stability of discrete time nonlinear and switched systems},
  Author                   = {Ahmadi, A. A. and Parrilo, P. A.},
  Booktitle                = {47th IEEE Conference on Decision and Control},
  Year                     = {2008},

  Address                  = {Canc\'un},
  Month                    = dec,
  Pages                    = {614--621},

  Doi                      = {10.1109/cdc.2008.4739402},
  File                     = {:Ahmadi2008.pdf:PDF},
  ISBN                     = {http://id.crossref.org/isbn/978-1-4244-3123-6},
  Owner                    = {rsinnet},
  Timestamp                = {2014.10.16},
  Url                      = {http://dx.doi.org/10.1109/CDC.2008.4739402}
}

@Article{Ahmadi2006,
  Title                    = {Controlled passive dynamic running experiments with the {ARL}-{M}onopod {II}},
  Author                   = {Ahmadi, M. and Buehler, M.},
  Journal                  = {IEEE T. Robot.},
  Year                     = {2006},
  Number                   = {5},
  Pages                    = {974--986},
  Volume                   = {22},

  __markedentry            = {[rsinnet:2]},
  Doi                      = {10.1109/tro.2006.878935},
  File                     = {:Ahmadi2006.pdf:PDF},
  ISSN                     = {1552-3098},
  Owner                    = {rsinnet},
  Publisher                = {Institute of Electrical \& Electronics Engineers (IEEE)},
  Timestamp                = {2014.10.24},
  Url                      = {http://dx.doi.org/10.1109/TRO.2006.878935}
}

@Article{Alur1995,
  Title                    = {The algorithmic analysis of hybrid systems},
  Author                   = {Alur, R. and Courcoubetis, C. and Halbwachs, N. and Henzinger, T. A. and Ho, {P.-H.} and Nicollin, X. and Olivero, A. and Sifakis, J. and Yovine, S.},
  Journal                  = {Theor. Comput. Sci.},
  Year                     = {1995},

  Month                    = feb,
  Number                   = {1},
  Pages                    = {3–34},
  Volume                   = {138},

  __markedentry            = {[rsinnet:4]},
  Doi                      = {10.1016/0304-3975(94)00202-t},
  ISSN                     = {0304-3975},
  Owner                    = {rsinnet},
  Publisher                = {Elsevier BV},
  Timestamp                = {2014.10.26},
  Url                      = {http://dx.doi.org/10.1016/0304-3975(94)00202-T}
}

@Conference{Ames2012,
  Title                    = {First Steps toward Automatically Generating Bipedal Robotic Walking from Human Data},
  Author                   = {Ames, A. D.},
  Booktitle                = {Robot Motion and Control 2011},
  Year                     = {2012},

  Address                  = {London, U. K.},
  Pages                    = {89--116},
  Publisher                = {Springer},
  Series                   = {Lecture Notes in Control and Information Sciences},
  Volume                   = {422},

  Doi                      = {10.1007/978-1-4471-2343-9_8},
  ISBN                     = {http://id.crossref.org/isbn/978-1-4471-2343-9},
  ISSN                     = {1610-7411},
  Owner                    = {rsinnet},
  Timestamp                = {2014.11.10},
  Url                      = {http://dx.doi.org/10.1007/978-1-4471-2343-9_8}
}

@Article{Ames2014,
  Title                    = {Rapidly Exponentially Stabilizing Control {L}yapunov Functions and Hybrid Zero Dynamics},
  Author                   = {A. D. Ames and K. Galloway and K. Sreenath and J. W. Grizzle},
  Journal                  = {IEEE T. Automat. Contr.},
  Year                     = {2014},
  Number                   = {4},
  Pages                    = {876--891},
  Volume                   = {59},
  Booktitle                = {IEEE Transactions on Automatic Control},
  Doi                      = {10.1109/TAC.2014.2299335},
  File                     = {:Ames2014.pdf:PDF},
  Owner                    = {rsinnet},
  Timestamp                = {2014.10.16}
}

@Article{Ames2009,
  Title                    = {Three-Dimensional Kneed Bipedal Walking: A Hybrid Geometric Approach},
  Author                   = {Ames, A. D. and Sinnet, R. W. and Wendel, E. D. B.},
  Journal                  = {Hybrid Systems: Computation and Control},
  Year                     = {2009},
  Number                   = {2009},
  Pages                    = {16--30},
  Volume                   = {5469},

  __markedentry            = {[rsinnet:2]},
  Doi                      = {10.1007/978-3-642-00602-9_2},
  File                     = {:Ames2009.pdf:PDF},
  ISBN                     = {http://id.crossref.org/isbn/978-3-642-00602-9},
  ISSN                     = {1611-3349},
  Owner                    = {rsinnet},
  Publisher                = {Springer},
  Series                   = {Lecture Notes in Computer Science},
  Timestamp                = {2014.10.22},
  Url                      = {http://dx.doi.org/10.1007/978-3-642-00602-9_2}
}

@InProceedings{Ames2011,
  Title                    = {Human-data based cost of bipedal robotic walking},
  Author                   = {Ames, A. D. and Vasudevan, R. and Bajcsy, R.},
  Booktitle                = {Proc. 14th Int. Conf. Hybrid Syst.: Comp. Control},
  Year                     = {2011},

  Address                  = {Chicago},
  Month                    = apr,
  Pages                    = {153--162},

  __markedentry            = {[rsinnet:2]},
  Doi                      = {10.1145/1967701.1967725},
  File                     = {:Ames2011.pdf:PDF},
  ISBN                     = {http://id.crossref.org/isbn/9781450306294},
  Owner                    = {rsinnet},
  Timestamp                = {2014.10.22},
  Url                      = {http://dx.doi.org/10.1145/1967701.1967725}
}

@InProceedings{Ames2011a,
  Title                    = {Human-data based cost of bipedal robotic walking},
  Author                   = {Ames, A. D. and Vasudevan, R. and Bajcsy, R.},
  Booktitle                = {Proc. 14th Int. Conf. Hybrid Systems Computation Control},
  Year                     = {2011},

  Address                  = {Chicago, IL},
  Month                    = apr,
  Pages                    = {153--162},

  Doi                      = {10.1145/1967701.1967725},
  File                     = {:Ames2011a.pdf:PDF},
  ISBN                     = {http://id.crossref.org/isbn/9781450306294},
  Owner                    = {rsinnet},
  Timestamp                = {2014.11.09},
  Url                      = {http://dx.doi.org/10.1145/1967701.1967725}
}

@InProceedings{Anderson2005,
  Title                    = {Powered bipeds based on passive dynamic principles},
  Author                   = {Anderson, S. O. and Wisse, M. and Atkeson, C. G. and Hodgins, J. K. and Zeglin, G. J. and Moyer, B.},
  Booktitle                = {Proc. 5th IEEE--RAS Int. Conf. Humanoid Robots},
  Year                     = {2005},

  Address                  = {Tsukuba, Japan},
  Month                    = dec,
  Pages                    = {110--116},

  __markedentry            = {[rsinnet:2]},
  Doi                      = {10.1109/ichr.2005.1573554},
  File                     = {:Anderson2005.pdf:PDF},
  ISBN                     = {http://id.crossref.org/isbn/0-7803-9320-1},
  Owner                    = {rsinnet},
  Timestamp                = {2014.10.24},
  Url                      = {http://dx.doi.org/10.1109/ICHR.2005.1573554}
}

@Article{Antosiewicz1958,
  Title                    = {A survey of {L}iapunov's second method},
  Author                   = {H. A. Antosiewicz},
  Journal                  = {Ann. Math. Stud.},
  Year                     = {1958},
  Number                   = {41},
  Pages                    = {141--166},
  Volume                   = {4},

  __markedentry            = {[rsinnet:1]},
  Owner                    = {rsinnet},
  Timestamp                = {2014.10.23}
}

@Article{Antsaklis2000,
  Title                    = {A brief introduction to the theory and applications of hybrid systems},
  Author                   = {Antsaklis, P.J.},
  Journal                  = {Proc. IEEE},
  Year                     = {2000},
  Number                   = {7},
  Pages                    = {879--887},
  Volume                   = {88},

  __markedentry            = {[rsinnet:3]},
  Doi                      = {10.1109/jproc.2000.871299},
  File                     = {:Antsaklis2000.pdf:PDF},
  ISSN                     = {1558-2256},
  Owner                    = {rsinnet},
  Publisher                = {Institute of Electrical \& Electronics Engineers (IEEE)},
  Timestamp                = {2014.10.25},
  Url                      = {http://dx.doi.org/10.1109/JPROC.2000.871299}
}

@Book{Antsaklis2006,
  Title                    = {Linear Systems},
  Author                   = {P. J. Antsaklis and A. N. Michel},
  Publisher                = {Birkh\"auser},
  Year                     = {2006},

  Address                  = {Boston, MA},

  Doi                      = {10.1007/0-8176-4435-0},
  File                     = {:Antsaklis2006.pdf:PDF},
  ISBN                     = {http://id.crossref.org/isbn/978-0-8176-4434-5},
  Owner                    = {rsinnet},
  Timestamp                = {2014.10.17},
  Url                      = {http://dx.doi.org/10.1007/0-8176-4435-0}
}

@Conference{Antsaklis1993,
  Title                    = {Hybrid system modeling and autonomous control systems},
  Author                   = {Antsaklis, P. J. and Stiver, J. A. and Lemmon, M.},
  Booktitle                = {Hybrid Systems},
  Year                     = {1993},

  Address                  = {Berlin, Germany},
  Pages                    = {366--392},
  Publisher                = {Springer},
  Series                   = {Lecture Notes in Computer Science},
  Volume                   = {736},

  __markedentry            = {[rsinnet:4]},
  Doi                      = {10.1007/3-540-57318-6_37},
  File                     = {:Antsaklis1993.pdf:PDF},
  ISBN                     = {http://id.crossref.org/isbn/978-3-540-48060-0},
  ISSN                     = {1611-3349},
  Journal                  = {Hybrid Systems},
  Owner                    = {rsinnet},
  Timestamp                = {2014.10.26},
  Url                      = {http://dx.doi.org/10.1007/3-540-57318-6_37}
}

@Article{Artstein1983,
  Title                    = {Stabilization with relaxed controls},
  Author                   = {Z. Artstein},
  Journal                  = {Nonlinear Analysis: Theory, Methods \& Applications},
  Year                     = {1983},
  Number                   = {11},
  Pages                    = {1163--1173},
  Volume                   = {7},

  Doi                      = {10.1016/0362-546x(83)90049-4},
  File                     = {:Artstein1983.pdf:PDF},
  ISSN                     = {0362-546X},
  Owner                    = {rsinnet},
  Publisher                = {Elsevier BV},
  Timestamp                = {2014.10.16},
  Url                      = {http://dx.doi.org/10.1016/0362-546X(83)90049-4}
}

@Article{Au2009,
  Title                    = {Powered Ankle--Foot Prosthesis Improves Walking Metabolic Economy},
  Author                   = {Au, S. K. and Weber, J. and Herr, H.},
  Journal                  = {IEEE T. Robot.},
  Year                     = {2009},
  Number                   = {1},
  Pages                    = {51--66},
  Volume                   = {25},

  Doi                      = {10.1109/tro.2008.2008747},
  File                     = {:Au2009.pdf:PDF},
  ISSN                     = {1941-0468},
  Owner                    = {rsinnet},
  Publisher                = {Institute of Electrical \& Electronics Engineers (IEEE)},
  Timestamp                = {2014.11.10},
  Url                      = {http://dx.doi.org/10.1109/TRO.2008.2008747}
}

@InProceedings{Back1993,
  Title                    = {Hybrid Systems},
  Author                   = {Back, A. and Guckenheimer, J. and Myers, M.},
  Booktitle                = {A dynamical simulation facility for hybrid systems},
  Year                     = {1993},

  Address                  = {Berlin, Germany},
  Pages                    = {255--267},
  Publisher                = {Springer},
  Series                   = {Lecture Notes in Computer Science},
  Volume                   = {736},

  __markedentry            = {[rsinnet:4]},
  Doi                      = {10.1007/3-540-57318-6_32},
  File                     = {:Back1993.pdf:PDF},
  ISBN                     = {http://id.crossref.org/isbn/978-3-540-48060-0},
  ISSN                     = {1611-3349},
  Owner                    = {rsinnet},
  Timestamp                = {2014.10.26},
  Url                      = {http://dx.doi.org/10.1007/3-540-57318-6_32}
}

@Article{Barbashin1954,
  Title                    = {On the existence of a function of {L}yapunov in the case of asymptotic stability in the large},
  Author                   = {E. A. Barbashin and N. N. Krasovski\u{\i}},
  Journal                  = {Prikl. Mat. Meh.},
  Year                     = {1954},
  Pages                    = {345--350},
  Volume                   = {18},

  Owner                    = {rsinnet},
  Timestamp                = {2014.10.23}
}

@Book{Baruh1998,
  Title                    = {Analytical Dynamics},
  Author                   = {H. Baruh},
  Publisher                = {McGraw--Hillhol},
  Year                     = {1998},

  Address                  = {Boston, MA},

  File                     = {:Baruh1998.pdf:PDF},
  Owner                    = {rsinnet},
  Timestamp                = {2014.10.22}
}

@Conference{Benveniste1993,
  Title                    = {Hybrid Systems: the {SIGNAL} approach},
  Author                   = {Benveniste, A. and Borgne, M. and Guernic, P.},
  Booktitle                = {Hybrid Systems},
  Year                     = {1993},

  Address                  = {Berlin, Germany},
  Pages                    = {230--254},
  Publisher                = {Springer},
  Series                   = {Lecture Notes in Computer Science},
  Volume                   = {736},

  __markedentry            = {[rsinnet:4]},
  Doi                      = {10.1007/3-540-57318-6_31},
  File                     = {:Benveniste1993.pdf:PDF},
  ISBN                     = {http://id.crossref.org/isbn/978-3-540-48060-0},
  ISSN                     = {1611-3349},
  Owner                    = {rsinnet},
  Timestamp                = {2014.10.26},
  Url                      = {http://dx.doi.org/10.1007/3-540-57318-6_31}
}

@Book{Bhatia1967,
  Title                    = {Dynamical Systems: Stability Theory and Applications},
  Author                   = {Bhatia, N. P. and Szeg\"{o}, G. P.},
  Publisher                = {Springer--Verlag},
  Year                     = {1967},

  Address                  = {Berlin, Germany},
  Series                   = {Lecture Notes in Mathematics},
  Volume                   = {35},

  Doi                      = {10.1007/bfb0080630},
  File                     = {:Bhatia1967.pdf:PDF},
  ISBN                     = {http://id.crossref.org/isbn/978-3-540-34974-7},
  ISSN                     = {1617-9692},
  Owner                    = {rsinnet},
  Timestamp                = {2014.10.22},
  Url                      = {http://dx.doi.org/10.1007/BFb0080630}
}

@Article{Blickhan1989,
  Title                    = {The spring--mass model for running and hopping},
  Author                   = {Blickhan, R.},
  Journal                  = {J. Biomech.},
  Year                     = {1989},
  Number                   = {11--12},
  Pages                    = {1217--1227},
  Volume                   = {22},

  __markedentry            = {[rsinnet:2]},
  Doi                      = {10.1016/0021-9290(89)90224-8},
  File                     = {:Blickhan1989.pdf:PDF},
  ISSN                     = {0021-9290},
  Owner                    = {rsinnet},
  Publisher                = {Elsevier BV},
  Timestamp                = {2014.10.24},
  Url                      = {http://dx.doi.org/10.1016/0021-9290(89)90224-8}
}

@Article{Bloch2001,
  Title                    = {Controlled {L}agrangians and the stabilization of mechanical systems {II}: Potential shaping},
  Author                   = {Bloch, A. M. and Chang, D. E. and Leonard, N. E. and Marsden, J. E.},
  Journal                  = {IEEE T. Automat. Contr.},
  Year                     = {2001},
  Number                   = {10},
  Pages                    = {1556--1571},
  Volume                   = {46},

  Doi                      = {10.1109/9.956051},
  File                     = {:Bloch2001.pdf:PDF},
  ISSN                     = {0018-9286},
  Owner                    = {rsinnet},
  Publisher                = {Institute of Electrical \& Electronics Engineers (IEEE)},
  Timestamp                = {2014.11.10},
  Url                      = {http://dx.doi.org/10.1109/9.956051}
}

@Article{Bloch2000,
  Title                    = {Controlled {L}agrangians and the stabilization of mechanical systems {I}: The first matching theorem},
  Author                   = {Bloch, A. M. and Leonard, N. E. and Marsden, J. E.},
  Journal                  = {IEEE T. Automat. Contr.},
  Year                     = {2000},
  Number                   = {12},
  Pages                    = {2253--2270},
  Volume                   = {45},

  Doi                      = {10.1109/9.895562},
  File                     = {:Bloch2000.pdf:PDF},
  ISSN                     = {0018-9286},
  Owner                    = {rsinnet},
  Publisher                = {Institute of Electrical \& Electronics Engineers (IEEE)},
  Timestamp                = {2014.11.10},
  Url                      = {http://dx.doi.org/10.1109/9.895562}
}

@Article{Borzova2004,
  Title                    = {Passively walking five-link robot},
  Author                   = {Borzova, E. and Hurmuzlu, Y.},
  Journal                  = {Automatica},
  Year                     = {2004},
  Number                   = {4},
  Pages                    = {621--629},
  Volume                   = {40},

  __markedentry            = {[rsinnet:2]},
  Doi                      = {10.1016/j.automatica.2003.10.015},
  File                     = {:Borzova2004.pdf:PDF},
  ISSN                     = {0005-1098},
  Owner                    = {rsinnet},
  Publisher                = {Elsevier BV},
  Timestamp                = {2014.10.24},
  Url                      = {http://dx.doi.org/10.1016/j.automatica.2003.10.015}
}

@Article{Branicky1998,
  Title                    = {A unified framework for hybrid control: model and optimal control theory},
  Author                   = {Branicky, M. S. and Borkar, V. S. and Mitter, S. K.},
  Journal                  = {IEEE T. Automat. Contr.},
  Year                     = {1998},
  Number                   = {1},
  Pages                    = {31--45},
  Volume                   = {43},

  __markedentry            = {[rsinnet:3]},
  Doi                      = {10.1109/9.654885},
  File                     = {:Branicky1998.pdf:PDF},
  ISSN                     = {0018-9286},
  Owner                    = {rsinnet},
  Publisher                = {Institute of Electrical \& Electronics Engineers (IEEE)},
  Timestamp                = {2014.10.19},
  Url                      = {http://dx.doi.org/10.1109/9.654885}
}

@Conference{Brockett1993,
  Title                    = {Essays on Control},
  Author                   = {Brockett, R. W.},
  Booktitle                = {Hybrid Models for Motion Control Systems},
  Year                     = {1993},

  Address                  = {Boston},
  Pages                    = {29--53},
  Publisher                = {Birkhäuser},
  Series                   = {Progress in Systems and Control Theory},
  Volume                   = {14},

  __markedentry            = {[rsinnet:3]},
  Doi                      = {10.1007/978-1-4612-0313-1_2},
  File                     = {:Brockett1993.pdf:PDF},
  ISBN                     = {http://id.crossref.org/isbn/978-1-4612-0313-1},
  Owner                    = {rsinnet},
  Timestamp                = {2014.10.25},
  Url                      = {http://dx.doi.org/10.1007/978-1-4612-0313-1_2}
}

@Book{Brogliato1996,
  Title                    = {Nonsmooth Impact Mechanics},
  Author                   = {B. Brogliato},
  Publisher                = {Springer},
  Year                     = {1996},

  Address                  = {Berlin, Germany},
  Series                   = {Lecture Notes in Control and Information Sciences},

  Doi                      = {10.1007/bfb0027733},
  File                     = {:Brogliato1996.pdf:PDF},
  ISBN                     = {http://id.crossref.org/isbn/3-540-76079-2},
  Owner                    = {rsinnet},
  Timestamp                = {2014.10.16},
  Url                      = {http://dx.doi.org/10.1007/BFb0027733}
}

@Article{Brooks1986,
  Title                    = {A robust layered control system for a mobile robot},
  Author                   = {Brooks, R. A.},
  Journal                  = {IEEE J. Robot. Autom.},
  Year                     = {1986},
  Number                   = {1},
  Pages                    = {14--23},
  Volume                   = {RA-2},

  __markedentry            = {[rsinnet:3]},
  Doi                      = {10.1109/jra.1986.1087032},
  File                     = {:Brooks1986.pdf:PDF},
  ISSN                     = {0882-4967},
  Owner                    = {rsinnet},
  Publisher                = {Institute of Electrical \& Electronics Engineers (IEEE)},
  Timestamp                = {2014.10.25},
  Url                      = {http://dx.doi.org/10.1109/JRA.1986.1087032}
}

@Article{Cai2009,
  Title                    = {Characterizations of input-to-state stability for hybrid systems},
  Author                   = {Cai, C. and Teel, A. R.},
  Journal                  = {Syst. Control Lett.},
  Year                     = {2009},
  Number                   = {1},
  Pages                    = {47--53},
  Volume                   = {58},

  Doi                      = {10.1016/j.sysconle.2008.07.009},
  File                     = {:Cai2009.pdf:PDF},
  ISSN                     = {0167-6911},
  Owner                    = {rsinnet},
  Publisher                = {Elsevier BV},
  Timestamp                = {2014.10.16},
  Url                      = {http://dx.doi.org/10.1016/j.sysconle.2008.07.009}
}

@InProceedings{Cai2005,
  Title                    = {Results on input-to-state stability for hybrid systems},
  Author                   = {Cai, C. and Teel, A. R.},
  Booktitle                = {Proc. 44th IEEE Conf. Decision Control},
  Year                     = {2005},

  Address                  = {Seville},
  Month                    = dec,
  Pages                    = {5403--5408},

  Doi                      = {10.1109/cdc.2005.1583021},
  File                     = {:Cai2005.pdf:PDF},
  ISBN                     = {http://id.crossref.org/isbn/0-7803-9567-0},
  Owner                    = {rsinnet},
  Timestamp                = {2014.10.16},
  Url                      = {http://dx.doi.org/10.1109/CDC.2005.1583021}
}

@Book{Cesari1971,
  Title                    = {Asymptotic Behavior and Stability Problems in Ordinary Differential Equations},
  Author                   = {Cesari, L.},
  Publisher                = {Springer--Verlag},
  Year                     = {1971},

  Address                  = {New York},
  Edition                  = {3rd},
  Series                   = {Ergebnisse der Mathematik und ihrer Grenzgebiete},
  Volume                   = {16},

  Doi                      = {10.1007/978-3-642-85671-6},
  File                     = {:Cesari1971.pdf:PDF},
  ISBN                     = {http://id.crossref.org/isbn/978-3-642-85671-6},
  Owner                    = {rsinnet},
  Timestamp                = {2014.10.23},
  Url                      = {http://dx.doi.org/10.1007/978-3-642-85671-6}
}

@Article{Chang1968,
  Title                    = {Almost periodic solutions of singularly perturbed systems of differential equations},
  Author                   = {Chang, K. W},
  Journal                  = {J. Differ. Equations},
  Year                     = {1968},
  Number                   = {2},
  Pages                    = {300--307},
  Volume                   = {4},

  Doi                      = {10.1016/0022-0396(68)90040-5},
  File                     = {:Chang1968.pdf:PDF},
  ISSN                     = {0022-0396},
  Owner                    = {rsinnet},
  Publisher                = {Elsevier BV},
  Timestamp                = {2014.10.23},
  Url                      = {http://dx.doi.org/10.1016/0022-0396(68)90040-5}
}

@Article{Chapnik1991,
  Title                    = {Modeling impact on a one-link flexible robotic arm},
  Author                   = {Chapnik, B. V. and Heppler, G. R. and Aplevich, J. D.},
  Journal                  = {IEEE T. Robot. Autom.},
  Year                     = {1991},
  Number                   = {4},
  Pages                    = {479--488},
  Volume                   = {7},

  __markedentry            = {[rsinnet:5]},
  Doi                      = {10.1109/70.86078},
  File                     = {:Chapnik1991.pdf:PDF},
  ISSN                     = {1042-296X},
  Owner                    = {rsinnet},
  Publisher                = {Institute of Electrical \& Electronics Engineers (IEEE)},
  Timestamp                = {2014.11.09},
  Url                      = {http://dx.doi.org/10.1109/70.86078}
}

@Book{Chesi2011,
  Title                    = {Domain of Attraction: Analysis and Control via SOS Programming},
  Author                   = {Chesi, G.},
  Publisher                = {Springer},
  Year                     = {2011},

  Address                  = {London},
  Series                   = {Lecture Notes in Control and Information Sciences},
  Volume                   = {415},

  Doi                      = {10.1007/978-0-85729-959-8},
  File                     = {:Chesi2011.pdf:PDF},
  ISBN                     = {http://id.crossref.org/isbn/978-0-85729-959-8},
  ISSN                     = {1610-7411},
  Owner                    = {rsinnet},
  Timestamp                = {2014.11.10},
  Url                      = {http://dx.doi.org/10.1007/978-0-85729-959-8}
}

@Book{Chevallereau2009,
  Title                    = {Bipedal Robots: Modeling, Design and Walking Synthesis},
  Author                   = {C. Chevallereau and G. Bessonnet and G. Abba and Y. Aoustin},
  Publisher                = {John Wiley \& Sons},
  Year                     = {2009},

  Address                  = {Hoboken, NJ},

  __markedentry            = {[rsinnet:2]},
  Doi                      = {10.1002/9780470611623},
  File                     = {:Chevallereau2009.pdf:PDF},
  ISBN                     = {http://id.crossref.org/isbn/9781848210769},
  Owner                    = {rsinnet},
  Timestamp                = {2014.10.19},
  Url                      = {http://dx.doi.org/10.1002/9780470611623}
}

@InProceedings{Choi2005,
  Title                    = {Planar bipedal walking with foot rotation},
  Author                   = {{J.-H.} Choi and Grizzle, J. W.},
  Booktitle                = {Proc. 2005 Am. Control Conf.},
  Year                     = {2005},

  Address                  = {Portland, OR},
  Month                    = jun,
  Pages                    = {4909--4916},
  Volume                   = {7},

  __markedentry            = {[rsinnet:2]},
  Doi                      = {10.1109/acc.2005.1470773},
  File                     = {:Choi2005.pdf:PDF},
  ISBN                     = {http://id.crossref.org/isbn/0-7803-9098-9},
  Owner                    = {rsinnet},
  Timestamp                = {2014.10.24},
  Url                      = {http://dx.doi.org/10.1109/ACC.2005.1470773}
}

@Article{Clarke1998,
  Title                    = {Asymptotic Stability and Smooth {L}yapunov Functions},
  Author                   = {Clarke, F. H. and Ledyaev, Y. S. and Stern, R. J.},
  Journal                  = {J. Differ. Equations},
  Year                     = {1998},
  Number                   = {1},
  Pages                    = {69--114},
  Volume                   = {149},

  Doi                      = {10.1006/jdeq.1998.3476},
  File                     = {:Clarke1998.pdf:PDF},
  ISSN                     = {0022-0396},
  Owner                    = {rsinnet},
  Publisher                = {Elsevier BV},
  Timestamp                = {2014.10.23},
  Url                      = {http://dx.doi.org/10.1006/jdeq.1998.3476}
}

@Article{Collins2005,
  Title                    = {Efficient Bipedal Robots Based on Passive-Dynamic Walkers},
  Author                   = {Collins, S. and Ruina, A. and Tedrake, R. and Wisse, M.},
  Journal                  = {Science},
  Year                     = {2005},
  Number                   = {5712},
  Pages                    = {1082--1085},
  Volume                   = {307},

  __markedentry            = {[rsinnet:2]},
  Doi                      = {10.1126/science.1107799},
  File                     = {:Collins2005.pdf:PDF},
  ISSN                     = {1095-9203},
  Owner                    = {rsinnet},
  Publisher                = {American Association for the Advancement of Science (AAAS)},
  Timestamp                = {2014.10.24},
  Url                      = {http://dx.doi.org/10.1126/science.1107799}
}

@Book{Conway1985,
  Title                    = {Atlas of Finite Groups: Maximal Subgroups and Ordinary Characters for Simple Groups},
  Author                   = {J. H. Conway and R. T. Curtis and S. P. Norton and R. A. Parker and R. A. Wilson},
  Publisher                = {Oxford University Press},
  Year                     = {1985},

  Address                  = {New York},

  File                     = {:Conway1985.pdf:PDF},
  Owner                    = {rsinnet},
  Timestamp                = {2014.10.19}
}

@Article{Decarlo2000,
  Title                    = {Perspectives and results on the stability and stabilizability of hybrid systems},
  Author                   = {Decarlo, R. A. and Branicky, M. S. and Pettersson, S. and Lennartson, B.},
  Journal                  = {Proc. IEEE},
  Year                     = {2000},
  Number                   = {7},
  Pages                    = {1069--1082},
  Volume                   = {88},

  Doi                      = {10.1109/5.871309},
  File                     = {:Decarlo2000.pdf:PDF},
  ISSN                     = {1558-2256},
  Owner                    = {rsinnet},
  Publisher                = {Institute of Electrical \& Electronics Engineers (IEEE)},
  Timestamp                = {2014.10.16},
  Url                      = {http://dx.doi.org/10.1109/5.871309}
}

@Book{Deza2009,
  Title                    = {Encyclopedia of Distances},
  Author                   = {Deza, E. and Deza, M. M.},
  Publisher                = {Springer},
  Year                     = {2009},

  Address                  = {Berlin, Germany},

  Doi                      = {10.1007/978-3-642-00234-2},
  File                     = {:Deza2009.pdf:PDF},
  ISBN                     = {http://id.crossref.org/isbn/978-3-642-00234-2},
  Owner                    = {rsinnet},
  Timestamp                = {2014.11.08},
  Url                      = {http://dx.doi.org/10.1007/978-3-642-00234-2}
}

@Article{Dickinson2000,
  Title                    = {How Animals Move: An Integrative View},
  Author                   = {Dickinson, M. H. and Farley, C. T. and Full, R. J. and Koehl, M. A. R. and Kram, R. and Lehman, S.},
  Journal                  = {Science},
  Year                     = {2000},
  Number                   = {5463},
  Pages                    = {100--106},
  Volume                   = {288},

  __markedentry            = {[rsinnet:2]},
  Doi                      = {10.1126/science.288.5463.100},
  File                     = {:Dickinson2000.pdf:PDF},
  ISSN                     = {1095-9203},
  Owner                    = {rsinnet},
  Publisher                = {American Association for the Advancement of Science (AAAS)},
  Timestamp                = {2014.10.24},
  Url                      = {http://dx.doi.org/10.1126/science.288.5463.100}
}

@InProceedings{Espiau1994,
  Title                    = {Compass Gait Revisited},
  Author                   = {Espiau, B. and Goswami, A.},
  Booktitle                = {Proc. IFAC Symp. Robot Control},
  Year                     = {1994},

  Address                  = {Capri, Italy},
  Month                    = sep,
  Pages                    = {839--846},

  __markedentry            = {[rsinnet:2]},
  File                     = {:Espiau1994.pdf:PDF},
  Owner                    = {rsinnet},
  Timestamp                = {2014.10.24}
}

@Article{Farley1993,
  Title                    = {Running Springs: Speed and Animal Size},
  Author                   = {Farley, C. T. and Glasheen, J. and McMahon, T. A.},
  Journal                  = {J. Exp. Biol.},
  Year                     = {1993},
  Pages                    = {71--86},
  Volume                   = {185},

  __markedentry            = {[rsinnet:2]},
  File                     = {:Farley1993.pdf:PDF},
  Owner                    = {rsinnet},
  Timestamp                = {2014.10.24},
  Url                      = {http://www.ncbi.nlm.nih.gov/pubmed/8294853}
}

@Book{Feynman1964,
  Title                    = {The Feynman Lectures on Physics, Vol. 1: Mainly Mechanics, Radiation and Heat},
  Author                   = {R. P. Feynman and R. B. Leighton and M. Sands},
  Publisher                = {Addison--Wesley},
  Year                     = {1964},

  Address                  = {Reading, MA},

  File                     = {:Feynman1964.pdf:PDF},
  Owner                    = {rsinnet},
  Timestamp                = {2014.10.22},
  Url                      = {http://feynmanlectures.caltech.edu/}
}

@Book{Filippov1988,
  Title                    = {Differential Equations with Discontinuous Righthand Sides},
  Author                   = {Filippov, A. F.},
  Publisher                = {Springer},
  Year                     = {1988},

  Address                  = {Dordrecht, The Netherlands},
  Series                   = {Mathematics and Its Applications},
  Volume                   = {18},

  Doi                      = {10.1007/978-94-015-7793-9},
  File                     = {:Filippov1988.pdf:PDF},
  ISBN                     = {http://id.crossref.org/isbn/978-94-015-7793-9},
  ISSN                     = {0169-6378},
  Owner                    = {rsinnet},
  Timestamp                = {2014.10.19},
  Url                      = {http://dx.doi.org/10.1007/978-94-015-7793-9}
}

@Book{Franklin2014,
  Title                    = {Feedback Control of Dynamic Systems},
  Author                   = {Franklin, G. and Powell, J. D. and Emami-Naeini, A.},
  Publisher                = {Prentice},
  Year                     = {2014},

  Address                  = {Upper Saddle River, NJ},
  Edition                  = {7},

  Owner                    = {rsinnet},
  Timestamp                = {2014.10.25}
}

@Book{Freeman1996,
  Title                    = {Robust Nonlinear Control Design},
  Author                   = {Freeman, R. A. and Kokotovi\'{c}, P.},
  Publisher                = {Birkh\"auser},
  Year                     = {1996},

  Address                  = {Boston, MA},

  Doi                      = {10.1007/978-0-8176-4759-9},
  File                     = {:Freeman1996.pdf:PDF},
  ISBN                     = {http://id.crossref.org/isbn/978-0-8176-4759-9},
  Owner                    = {rsinnet},
  Timestamp                = {2014.10.19},
  Url                      = {http://dx.doi.org/10.1007/978-0-8176-4759-9}
}

@Article{Friedrichs1946,
  Title                    = {Singular perturbations of non-linear oscillations},
  Author                   = {Friedrichs, K. O. and Wasow, W. R.},
  Journal                  = {Duke Mathematical Journal},
  Year                     = {1946},

  Month                    = sep,
  Number                   = {3},
  Pages                    = {367–381},
  Volume                   = {13},

  Doi                      = {10.1215/s0012-7094-46-01331-2},
  ISSN                     = {0012-7094},
  Owner                    = {rsinnet},
  Publisher                = {Duke University Press},
  Timestamp                = {2014.10.23},
  Url                      = {http://dx.doi.org/10.1215/S0012-7094-46-01331-2}
}

@Conference{Full2000,
  Title                    = {Biomechanics and Neural Control of Posture and Movement},
  Author                   = {Full, R. J. and Farley, C. T.},
  Booktitle                = {Musculoskeletal Dynamics in Rhythmic Systems: A Comparative Approach to Legged Locomotion},
  Year                     = {2000},

  Address                  = {New York},
  Pages                    = {192--205},
  Publisher                = {Springer},

  __markedentry            = {[rsinnet:2]},
  Doi                      = {10.1007/978-1-4612-2104-3_13},
  File                     = {:Full2000.pdf:PDF},
  ISBN                     = {http://id.crossref.org/isbn/978-1-4612-2104-3},
  Owner                    = {rsinnet},
  Timestamp                = {2014.10.24},
  Url                      = {http://dx.doi.org/10.1007/978-1-4612-2104-3_13}
}

@Article{Full1999,
  Title                    = {Templates and anchors: neuromechanical hypotheses of legged locomotion on land},
  Author                   = {Full, R. J. and Koditschek, D. E.},
  Journal                  = {J. Exp. Biol.},
  Year                     = {1999},
  Pages                    = {3325--3332},
  Volume                   = {202},

  __markedentry            = {[rsinnet:2]},
  File                     = {:Full1999.pdf:PDF},
  Owner                    = {rsinnet},
  Timestamp                = {2014.10.23},
  Url                      = {http://jeb.biologists.org/content/202/23/3325}
}

@InProceedings{Gollu1989,
  Title                    = {Hybrid dynamical systems},
  Author                   = {G{\"{o}}ll{\"{u}}, A. and Varaiya, P.},
  Booktitle                = {Proc. 28th IEEE Conf. Decision Control},
  Year                     = {1989},

  Address                  = {Tampa, FL},
  Month                    = dec,
  Pages                    = {2708--2712},
  Volume                   = {3},

  __markedentry            = {[rsinnet:3]},
  Doi                      = {10.1109/cdc.1989.70671},
  File                     = {:Gollu1989.pdf:PDF},
  Owner                    = {rsinnet},
  Timestamp                = {2014.10.25},
  Url                      = {http://dx.doi.org/10.1109/CDC.1989.70671}
}

@Article{Gajewski1987,
  Title                    = {On the Stability of Impact Systems},
  Author                   = {K. Gajewski and B. Radziszewski},
  Journal                  = {B. Pol. Acad. Sci.-Tech.},
  Year                     = {1987},
  Number                   = {3--4},
  Pages                    = {183--189},
  Volume                   = {35},

  Comment                  = {Contains a statement of Lyapunov stability for discrete systems but does not include any proofs. References are in Polish.},
  File                     = {:Gajewski1987.pdf:PDF},
  Owner                    = {rsinnet},
  Timestamp                = {2014.10.16}
}

@Article{Garcia1998,
  Title                    = {The Simple Walking Model: Stability, Complexity, and Scaling},
  Author                   = {Garcia, M. and Chatterjee, A. and Ruina, A. and Coleman, M.},
  Journal                  = {ASME J. Biomech. Eng.},
  Year                     = {1998},
  Number                   = {2},
  Pages                    = {281--288},
  Volume                   = {120},

  __markedentry            = {[rsinnet:2]},
  File                     = {:Garcia1998.pdf:PDF},
  Owner                    = {rsinnet},
  Timestamp                = {2014.10.24}
}

@Article{Geursen1976,
  Title                    = {A Model of the Standing Man for the Description of his Dynamic Behaviour},
  Author                   = {Geursen, {J.-B.} and Altena, D. and Massen, {C.-H.}},
  Journal                  = {Agressologie},
  Year                     = {1976},
  Number                   = {B},
  Pages                    = {63--69},
  Volume                   = {17},

  File                     = {:Geursen1976.pdf:PDF},
  Owner                    = {rsinnet},
  Timestamp                = {2014.10.24},
  Url                      = {http://repository.tue.nl/606285}
}

@Article{Goebel2009,
  Title                    = {Hybrid Dynamical Systems},
  Author                   = {Goebel, R. and Sanfelice, R. G. and Teel, A. R.},
  Journal                  = {IEEE Control Syst. Mag.},
  Year                     = {2009},
  Number                   = {2},
  Pages                    = {28--93},
  Volume                   = {29},

  Doi                      = {10.1109/mcs.2008.931718},
  File                     = {:Goebel2009.pdf:PDF},
  ISSN                     = {1066-033X},
  Owner                    = {rsinnet},
  Publisher                = {Institute of Electrical \& Electronics Engineers (IEEE)},
  Timestamp                = {2014.10.16},
  Url                      = {http://dx.doi.org/10.1109/MCS.2008.931718}
}

@Book{Gorinevsky1997,
  Title                    = {Force Control of Robotics Systems},
  Author                   = {Gorinevsky, D. and Formalsky, A. and Schneider, A.},
  Publisher                = {CRC Press},
  Year                     = {1997},

  Address                  = {Boca Raton, FL},

  __markedentry            = {[rsinnet:5]},
  Owner                    = {rsinnet},
  Timestamp                = {2014.11.09}
}

@Article{Goswami1999,
  Title                    = {Postural Stability of Biped Robots and the Foot-Rotation Indicator ({FRI}) Point},
  Author                   = {Goswami, A.},
  Journal                  = {Int. J. Robot. Research},
  Year                     = {1999},
  Number                   = {6},
  Pages                    = {523--533},
  Volume                   = {18},

  __markedentry            = {[rsinnet:2]},
  Doi                      = {10.1177/02783649922066376},
  File                     = {:Goswami1999.pdf:PDF},
  ISSN                     = {0278-3649},
  Owner                    = {rsinnet},
  Publisher                = {SAGE Publications},
  Timestamp                = {2014.10.24},
  Url                      = {http://dx.doi.org/10.1177/02783649922066376}
}

@Article{Grizzle2001,
  Title                    = {Asymptotically stable walking for biped robots: analysis via systems with impulse effects},
  Author                   = {Grizzle, J. W. and Abba, G. and Plestan, F.},
  Journal                  = {IEEE T. Automat. Contr.},
  Year                     = {2001},
  Number                   = {1},
  Pages                    = {51--64},
  Volume                   = {46},

  Doi                      = {10.1109/9.898695},
  File                     = {:Grizzle2001.pdf:PDF},
  ISSN                     = {0018-9286},
  Owner                    = {rsinnet},
  Publisher                = {Institute of Electrical \& Electronics Engineers (IEEE)},
  Timestamp                = {2014.10.19},
  Url                      = {http://dx.doi.org/10.1109/9.898695}
}

@InProceedings{Grizzle2010,
  Title                    = {{3D} Bipedal Robotic Walking: Models, Feedback Control, and Open Problems},
  Author                   = {J. W. Grizzle and C. Chevallereau and A. D. Ames and R. W. Sinnet},
  Booktitle                = {Proc. 8th IFAC Symp. Nonlinear Control Syst.},
  Year                     = {2010},

  Address                  = {Bologna},
  Month                    = sep,
  Pages                    = {505--532},

  File                     = {:Grizzle2010.pdf:PDF},
  Owner                    = {rsinnet},
  Timestamp                = {2014.10.22}
}

@Article{Grizzle2014,
  Title                    = {Models, feedback control, and open problems of {3D} bipedal robotic walking},
  Author                   = {Grizzle, J. W. and Chevallereau, C. and Sinnet, R. W. and Ames, A. D.},
  Journal                  = {Automatica},
  Year                     = {2014},
  Number                   = {8},
  Pages                    = {1955--1988},
  Volume                   = {50},

  Doi                      = {10.1016/j.automatica.2014.04.021},
  File                     = {:Grizzle2014.pdf:PDF},
  ISSN                     = {0005-1098},
  Owner                    = {rsinnet},
  Publisher                = {Elsevier BV},
  Timestamp                = {2014.11.10},
  Url                      = {http://dx.doi.org/10.1016/j.automatica.2014.04.021}
}

@Article{Grognard2004,
  Title                    = {Design of orbitally stable zero dynamics for a class of nonlinear systems},
  Author                   = {Grognard, F. and Canudas-de-Wit, C.},
  Journal                  = {Syst. Control Lett.},
  Year                     = {2004},

  Month                    = feb,
  Number                   = {2},
  Pages                    = {89–103},
  Volume                   = {51},

  Doi                      = {10.1016/s0167-6911(03)00209-3},
  File                     = {:Grognard2004.pdf:PDF},
  ISSN                     = {0167-6911},
  Publisher                = {Elsevier BV},
  Url                      = {http://dx.doi.org/10.1016/S0167-6911(03)00209-3}
}

@Book{Guckenheimer1983,
  Title                    = {Nonlinear Oscillations, Dynamical Systems, and Bifurcations of Vector Fields},
  Author                   = {Guckenheimer, J. and Holmes, P.},
  Publisher                = {Springer},
  Year                     = {1983},

  Address                  = {New York},
  Series                   = {Applied Mathematical Sciences},
  Volume                   = {42},

  Doi                      = {10.1007/978-1-4612-1140-2},
  ISBN                     = {http://id.crossref.org/isbn/978-1-4612-1140-2},
  ISSN                     = {2196-968X},
  Owner                    = {rsinnet},
  Timestamp                = {2014.11.12},
  Url                      = {http://dx.doi.org/10.1007/978-1-4612-1140-2}
}

@Conference{Guckenheimer1995,
  Title                    = {Planar hybrid systems},
  Author                   = {Guckenheimer, J. and Johnson, S.},
  Booktitle                = {Hybrid Systems II},
  Year                     = {1995},

  Address                  = {Berlin, Germany},
  Pages                    = {202--225},
  Publisher                = {Springer},
  Series                   = {Lecture Notes in Computer Science},
  Volume                   = {999},

  __markedentry            = {[rsinnet:4]},
  Doi                      = {10.1007/3-540-60472-3_11},
  File                     = {:Guckenheimer1995.pdf:PDF},
  ISBN                     = {http://id.crossref.org/isbn/978-3-540-47519-4},
  ISSN                     = {1611-3349},
  Owner                    = {rsinnet},
  Timestamp                = {2014.11.08},
  Url                      = {http://dx.doi.org/10.1007/3-540-60472-3_11}
}

@Article{Haddad2001,
  Title                    = {Non-linear impulsive dynamical systems. Part I: Stability and dissipativity},
  Author                   = {Haddad, W. M. and Chellaboina, V. and Kablar, N. A.},
  Journal                  = {Int. J. Control},
  Year                     = {2001},

  Month                    = jan,
  Number                   = {17},
  Pages                    = {1631–1658},
  Volume                   = {74},

  Doi                      = {10.1080/00207170110081705},
  File                     = {:Haddad2001.pdf:PDF},
  ISSN                     = {1366-5820},
  Owner                    = {rsinnet},
  Publisher                = {Informa UK Limited},
  Timestamp                = {2014.10.16},
  Url                      = {http://dx.doi.org/10.1080/00207170110081705}
}

@Article{Haddad2001a,
  Title                    = {Non-linear impulsive dynamical systems. Part II: Stability of feedback interconnections and optimality},
  Author                   = {Haddad, W. M. and Chellaboina, V. and Kablar, N. A.},
  Journal                  = {Int. J. Control},
  Year                     = {2001},

  Month                    = jan,
  Number                   = {17},
  Pages                    = {1659–1677},
  Volume                   = {74},

  Doi                      = {10.1080/00207170110080959},
  File                     = {:Haddad2001a.pdf:PDF},
  ISSN                     = {1366-5820},
  Owner                    = {rsinnet},
  Publisher                = {Informa UK Limited},
  Timestamp                = {2014.10.16},
  Url                      = {http://dx.doi.org/10.1080/00207170110080959}
}

@Article{Haddock1972,
  Title                    = {A remark on a stability theorem of {M.} {M}arachkoff},
  Author                   = {Haddock, J. R.},
  Journal                  = {Proceedings of the American Mathematical Society},
  Year                     = {1972},
  Number                   = {1},
  Pages                    = {209--212},
  Volume                   = {31},

  Doi                      = {10.1090/s0002-9939-1972-0288370-1},
  File                     = {:Haddock1972.pdf:PDF},
  ISSN                     = {0002-9939},
  Owner                    = {rsinnet},
  Publisher                = {American Mathematical Society (AMS)},
  Timestamp                = {2014.10.23},
  Url                      = {http://dx.doi.org/10.1090/S0002-9939-1972-0288370-1}
}

@Book{Hahn1967,
  Title                    = {Stability of Motion},
  Author                   = {Hahn, W.},
  Publisher                = {Springer},
  Year                     = {1967},

  Address                  = {New York},
  Series                   = {Die Grundlehren der mathematischen Wissenschaften},
  Volume                   = {138},

  Doi                      = {10.1007/978-3-642-50085-5},
  File                     = {:Hahn1967.pdf:PDF},
  ISBN                     = {http://id.crossref.org/isbn/978-3-642-50085-5},
  Owner                    = {rsinnet},
  Timestamp                = {2014.10.23},
  Url                      = {http://dx.doi.org/10.1007/978-3-642-50085-5}
}

@Article{Harel1987,
  Title                    = {Statecharts: a visual formalism for complex systems},
  Author                   = {Harel, D.},
  Journal                  = {Sci. Comput. Prog.},
  Year                     = {1987},
  Number                   = {3},
  Pages                    = {231--274},
  Volume                   = {8},

  __markedentry            = {[rsinnet:4]},
  Doi                      = {10.1016/0167-6423(87)90035-9},
  File                     = {:Harel1987.pdf:PDF},
  ISSN                     = {0167-6423},
  Owner                    = {rsinnet},
  Publisher                = {Elsevier BV},
  Timestamp                = {2014.10.26},
  Url                      = {http://dx.doi.org/10.1016/0167-6423(87)90035-9}
}

@Article{Hauser1994,
  Title                    = {Converse Lyapunov functions for exponentially stable periodic orbits},
  Author                   = {J. Hauser and C. C. Chung},
  Journal                  = {Syst. Control Lett.},
  Year                     = {1994},
  Number                   = {1},
  Pages                    = {27--34},
  Volume                   = {23},
  Booktitle                = {Systems \& Control Letters},
  Doi                      = {10.1016/0167-6911(94)90078-7},
  File                     = {:Hauser1994.pdf:PDF},
  Keywords                 = {C onverseL yapunovf unctionsp; eriodico rbits,s tabilityn; onlineasr ystemst;a nsverslein earizationp;e riodicL yapunov equation},
}

@Article{Herdt2010,
  Title                    = {Online Walking Motion Generation with Automatic Footstep Placement},
  Author                   = {Herdt, A. and Diedam, H. and Wieber, {P.-B.} and Dimitrov, D. and Mombaur, K. and Diehl, M.},
  Journal                  = {Adv. Robot.},
  Year                     = {2010},
  Number                   = {5--6},
  Pages                    = {719--737},
  Volume                   = {24},

  __markedentry            = {[rsinnet:2]},
  Doi                      = {10.1163/016918610x493552},
  File                     = {:Herdt2010.pdf:PDF},
  ISSN                     = {1568-5535},
  Owner                    = {rsinnet},
  Publisher                = {Informa UK Limited},
  Timestamp                = {2014.10.24},
  Url                      = {http://dx.doi.org/10.1163/016918610X493552}
}

@Article{Hespanha2008,
  Title                    = {{Lyapunov} conditions for input-to-state stability of impulsive systems},
  Author                   = {Hespanha, J. P. and Liberzon, D. and Teel, A. R.},
  Journal                  = {Automatica},
  Year                     = {2008},
  Number                   = {11},
  Pages                    = {2735--2744},
  Volume                   = {44},

  Doi                      = {10.1016/j.automatica.2008.03.021},
  File                     = {:Hespanha2008.pdf:PDF},
  ISSN                     = {0005-1098},
  Owner                    = {rsinnet},
  Publisher                = {Elsevier BV},
  Timestamp                = {2014.10.16},
  Url                      = {http://dx.doi.org/10.1016/j.automatica.2008.03.021}
}

@Article{Hodgins1991,
  Title                    = {Adjusting step length for rough terrain locomotion},
  Author                   = {Hodgins, J. K. and Raibert, M. H.},
  Journal                  = {IEEE T. Robot. Autom.},
  Year                     = {1991},
  Number                   = {3},
  Pages                    = {289--298},
  Volume                   = {7},

  __markedentry            = {[rsinnet:2]},
  Doi                      = {10.1109/70.88138},
  File                     = {:Hodgins1991.pdf:PDF},
  ISSN                     = {1042-296X},
  Owner                    = {rsinnet},
  Publisher                = {Institute of Electrical \& Electronics Engineers (IEEE)},
  Timestamp                = {2014.10.24},
  Url                      = {http://dx.doi.org/10.1109/70.88138}
}

@Article{Hof2005,
  Title                    = {The condition for dynamic stability},
  Author                   = {Hof, A. L. and Gazendam, M. G. J. and Sinke, W. E.},
  Journal                  = {J. Biomech.},
  Year                     = {2005},
  Number                   = {1},
  Pages                    = {1--8},
  Volume                   = {38},

  __markedentry            = {[rsinnet:2]},
  Doi                      = {10.1016/j.jbiomech.2004.03.025},
  File                     = {:Hof2005.pdf:PDF},
  ISSN                     = {0021-9290},
  Owner                    = {rsinnet},
  Publisher                = {Elsevier BV},
  Timestamp                = {2014.10.24},
  Url                      = {http://dx.doi.org/10.1016/j.jbiomech.2004.03.025}
}

@Article{Hollerbach1980,
  Title                    = {A Recursive {Lagrangian} Formulation of Maniputator Dynamics and a Comparative Study of Dynamics Formulation Complexity},
  Author                   = {Hollerbach, J. M.},
  Journal                  = {IEEE T. Syst. Man Cy.},
  Year                     = {1980},
  Number                   = {11},
  Pages                    = {730--736},
  Volume                   = {10},

  Doi                      = {10.1109/tsmc.1980.4308393},
  File                     = {:Hollerbach1980.pdf:PDF},
  ISSN                     = {0018-9472},
  Owner                    = {rsinnet},
  Publisher                = {Institute of Electrical \& Electronics Engineers (IEEE)},
  Timestamp                = {2014.10.19},
  Url                      = {http://dx.doi.org/10.1109/TSMC.1980.4308393}
}

@Conference{Hollerbach1992,
  Title                    = {The Robotics Review 2},
  Author                   = {Hollerbach, J. M. and Hunter, I. W. and Ballantyne, J.},
  Booktitle                = {A comparative analysis of actuator technologies for robotics},
  Year                     = {1992},

  Address                  = {Cambridge, MA},
  Pages                    = {299--342},
  Publisher                = {MIT Press},

  __markedentry            = {[rsinnet:2]},
  File                     = {:Hollerbach1992.pdf:PDF},
  Owner                    = {rsinnet},
  Timestamp                = {2014.10.24},
  Url                      = {http://dl.acm.org/citation.cfm?id=146312.146323}
}

@Article{Holmes2006,
  Title                    = {The Dynamics of Legged Locomotion: Models, Analyses, and Challenges},
  Author                   = {Holmes, P. and Full, R. J. and Koditschek, D. E. and Guckenheimer, J.},
  Journal                  = {SIAM Rev.},
  Year                     = {2006},
  Number                   = {2},
  Pages                    = {207--304},
  Volume                   = {48},

  __markedentry            = {[rsinnet:2]},
  Doi                      = {10.1137/s0036144504445133},
  File                     = {:Holmes2006.pdf:PDF},
  ISSN                     = {1095-7200},
  Owner                    = {rsinnet},
  Publisher                = {Society for Industrial \& Applied Mathematics (SIAM)},
  Timestamp                = {2014.10.23},
  Url                      = {http://dx.doi.org/10.1137/S0036144504445133}
}

@Conference{Hooman1993,
  Title                    = {Hybrid Systems},
  Author                   = {Hooman, J.},
  Booktitle                = {A compositional approach to the design of hybrid systems},
  Year                     = {1993},

  Address                  = {Berlin, Germany},
  Pages                    = {121--148},
  Publisher                = {Springer},
  Series                   = {Lecture Notes in Computer Science},
  Volume                   = {736},

  __markedentry            = {[rsinnet:4]},
  Doi                      = {10.1007/3-540-57318-6_27},
  File                     = {:Hooman1993.pdf:PDF},
  ISBN                     = {http://id.crossref.org/isbn/978-3-540-48060-0},
  ISSN                     = {1611-3349},
  Owner                    = {rsinnet},
  Timestamp                = {2014.10.26},
  Url                      = {http://dx.doi.org/10.1007/3-540-57318-6_27}
}

@Article{Hoppensteadt1966,
  Title                    = {Singular perturbations on the infinite interval},
  Author                   = {Hoppensteadt, F. C},
  Journal                  = {Trans. Amer. Math. Soc.},
  Year                     = {1966},
  Number                   = {2},
  Pages                    = {521--535},
  Volume                   = {123},

  Doi                      = {10.1090/s0002-9947-1966-0194693-9},
  File                     = {:Hoppensteadt1966.pdf:PDF},
  ISSN                     = {0002-9947},
  Owner                    = {rsinnet},
  Publisher                = {American Mathematical Society (AMS)},
  Timestamp                = {2014.10.23},
  Url                      = {http://dx.doi.org/10.1090/S0002-9947-1966-0194693-9}
}

@Article{Hu2011,
  Title                    = {Gait generation and control for biped robots with underactuation degree one},
  Author                   = {Hu, Y. and Yan, G. and Lin, Z.},
  Journal                  = {Automatica},
  Year                     = {2011},
  Number                   = {8},
  Pages                    = {1605--1616},
  Volume                   = {47},

  __markedentry            = {[rsinnet:2]},
  Doi                      = {10.1016/j.automatica.2011.04.018},
  File                     = {:Hu2011.pdf:PDF},
  ISSN                     = {0005-1098},
  Owner                    = {rsinnet},
  Publisher                = {Elsevier BV},
  Timestamp                = {2014.11.09},
  Url                      = {http://dx.doi.org/10.1016/j.automatica.2011.04.018}
}

@Article{Hurmuzlu2004,
  Title                    = {Modeling, stability and control of biped robots---a general framework},
  Author                   = {Hurmuzlu, Y. and G\'{e}not, F. and Brogliato, B.},
  Journal                  = {Automatica},
  Year                     = {2004},
  Number                   = {10},
  Pages                    = {1647--1664},
  Volume                   = {40},

  Doi                      = {10.1016/j.automatica.2004.01.031},
  File                     = {:Hurmuzlu2004.pdf:PDF},
  ISSN                     = {0005-1098},
  Owner                    = {rsinnet},
  Publisher                = {Elsevier BV},
  Timestamp                = {2014.10.23},
  Url                      = {http://dx.doi.org/10.1016/j.automatica.2004.01.031}
}

@Article{Hurmuzlu1994,
  Title                    = {Rigid Body Collisions of Planar Kinematic Chains With Multiple Contact Points},
  Author                   = {Hurmuzlu, Y. and Marghitu, D. B.},
  Journal                  = {Int. J. Robot. Research},
  Year                     = {1994},
  Number                   = {1},
  Pages                    = {82--92},
  Volume                   = {13},

  Doi                      = {10.1177/027836499401300106},
  File                     = {:Hurmuzlu1994.pdf:PDF},
  ISSN                     = {0278-3649},
  Owner                    = {rsinnet},
  Publisher                = {SAGE Publications},
  Timestamp                = {2014.10.22},
  Url                      = {http://dx.doi.org/10.1177/027836499401300106}
}

@Article{Hurwitz1895,
  Title                    = {\"{U}ber die Bedingungen unter welchen eine Gleichung nur Wurzeln mit negativen reellen Teilen besitzt},
  Author                   = {A. Hurwitz},
  Journal                  = {Math. Ann.},
  Year                     = {1895},
  Pages                    = {273--284},
  Volume                   = {46},

  __markedentry            = {[rsinnet:1]},
  File                     = {:Hurwitz1895.pdf:PDF},
  Owner                    = {rsinnet},
  Timestamp                = {2014.10.22}
}

@Article{Hyon2007,
  Title                    = {Full-Body Compliant Human--Humanoid Interaction: Balancing in the Presence of Unknown External Forces},
  Author                   = {{S.-H.} Hyon and Hale, J. G. and Cheng, G.},
  Journal                  = {IEEE T. Robot.},
  Year                     = {2007},
  Number                   = {5},
  Pages                    = {884--898},
  Volume                   = {23},

  __markedentry            = {[rsinnet:2]},
  Doi                      = {10.1109/tro.2007.904896},
  File                     = {:Hyon2007.pdf:PDF},
  ISSN                     = {1941-0468},
  Owner                    = {rsinnet},
  Publisher                = {Institute of Electrical \& Electronics Engineers (IEEE)},
  Timestamp                = {2014.10.24},
  Url                      = {http://dx.doi.org/10.1109/TRO.2007.904896}
}

@InProceedings{Jarfi2006,
  Title                    = {Realization and Trajectory Planning for Obstacle Stepping Over by Humanoid Robot {BHR-2}},
  Author                   = {Jarfi, A. R. and Huang, Q. and Zhang, L. and Yang, J. and Wang, Z. and Lv, S.},
  Booktitle                = {2006 IEEE Int. Conf. Robot. Biomimetics},
  Year                     = {2006},

  Address                  = {Kunming, China},
  Month                    = dec,
  Pages                    = {1384--1389},

  __markedentry            = {[rsinnet:2]},
  Doi                      = {10.1109/robio.2006.340131},
  File                     = {:Jarfi2006.pdf:PDF},
  ISBN                     = {http://id.crossref.org/isbn/1-4244-0570-X},
  Owner                    = {rsinnet},
  Timestamp                = {2014.10.24},
  Url                      = {http://dx.doi.org/10.1109/ROBIO.2006.340131}
}

@Article{Jiang2002,
  Title                    = {A converse {Lyapunov} theorem for discrete-time systems with disturbances},
  Author                   = {Jiang, Zhong-Ping and Wang, Yuan},
  Journal                  = {Syst. Control Lett.},
  Year                     = {2002},
  Number                   = {1},
  Pages                    = {49--58},
  Volume                   = {45},

  Doi                      = {10.1016/s0167-6911(01)00164-5},
  File                     = {:Jiang2002.pdf:PDF},
  ISSN                     = {0167-6911},
  Owner                    = {rsinnet},
  Publisher                = {Elsevier BV},
  Timestamp                = {2014.10.16},
  Url                      = {http://dx.doi.org/10.1016/S0167-6911(01)00164-5}
}

@InProceedings{Kajita2001,
  Title                    = {The {3D} linear inverted pendulum mode: a simple modeling for a biped walking pattern generation},
  Author                   = {Kajita, S. and Kanehiro, F. and Kaneko, K. and Yokoi, K. and Hirukawa, H.},
  Booktitle                = {Proc. 2001 IEEE/RSJ Int. Conf. Intel. Robots Syst.},
  Year                     = {2001},

  Address                  = {Maui, HI},
  Month                    = oct,
  Pages                    = {239--246},
  Volume                   = {1},

  __markedentry            = {[rsinnet:2]},
  Doi                      = {10.1109/iros.2001.973365},
  File                     = {:Kajita2001.pdf:PDF},
  ISBN                     = {http://id.crossref.org/isbn/0-7803-6612-3},
  Owner                    = {rsinnet},
  Timestamp                = {2014.10.24},
  Url                      = {http://dx.doi.org/10.1109/IROS.2001.973365}
}

@InProceedings{Kajita2010,
  Title                    = {Biped walking stabilization based on linear inverted pendulum tracking},
  Author                   = {Kajita, S. and Morisawa, M. and Miura, K. and Nakaoka, S. and Harada, K. and Kaneko, K. and Kanehiro, F. and Yokoi, K.},
  Booktitle                = {Proc. 2010 IEEE/RSJ Int. Conf. Intel. Robots Syst.},
  Year                     = {2010},

  Address                  = {Taipei, Taiwan},
  Month                    = oct,
  Pages                    = {4489--4496},

  __markedentry            = {[rsinnet:2]},
  Doi                      = {10.1109/iros.2010.5651082},
  File                     = {:Kajita2010.pdf:PDF},
  ISBN                     = {http://id.crossref.org/isbn/978-1-4244-6674-0},
  Owner                    = {rsinnet},
  Timestamp                = {2014.10.24},
  Url                      = {http://dx.doi.org/10.1109/IROS.2010.5651082}
}

@InProceedings{Kajita1991,
  Title                    = {Study of dynamic biped locomotion on rugged terrain-theory and basic experiment},
  Author                   = {Kajita, S. and Tani, K.},
  Booktitle                = {5th Int. Conf. Adv. Robot.},
  Year                     = {1991},
  Month                    = jun,
  Pages                    = {741--746},
  Publisher                = {IEEE},
  Volume                   = {1},

  __markedentry            = {[rsinnet:2]},
  Doi                      = {10.1109/icar.1991.240688},
  File                     = {:Kajita1991.pdf:PDF},
  ISBN                     = {http://id.crossref.org/isbn/0-7803-0078-5},
  Owner                    = {rsinnet},
  Timestamp                = {2014.10.24},
  Url                      = {http://dx.doi.org/10.1109/ICAR.1991.240688}
}

@Article{Kajita1992,
  Title                    = {Dynamic walking control of a biped robot along a potential energy conserving orbit},
  Author                   = {Kajita, S. and Yamaura, T. and Kobayashi, A.},
  Journal                  = {IEEE T. Robotic. Autom.},
  Year                     = {1992},
  Number                   = {4},
  Pages                    = {431--438},
  Volume                   = {8},

  __markedentry            = {[rsinnet:2]},
  Doi                      = {10.1109/70.149940},
  File                     = {:Kajita1992.pdf:PDF},
  ISSN                     = {1042-296X},
  Owner                    = {rsinnet},
  Publisher                = {Institute of Electrical \& Electronics Engineers (IEEE)},
  Timestamp                = {2014.10.24},
  Url                      = {http://dx.doi.org/10.1109/70.149940}
}

@InProceedings{Kaneko2011,
  Title                    = {Humanoid robot {HRP-4} -- Humanoid robotics platform with lightweight and slim body},
  Author                   = {Kaneko, K. and Kanehiro, F. and Morisawa, M. and Akachi, K. and Miyamori, G. and Hayashi, A. and Kanehira, N.},
  Booktitle                = {2011 IEEE/RSJ Int. Conf. Intel. Robots Syst.},
  Year                     = {2011},

  Address                  = {San Francisco, CA},
  Month                    = sep,
  Pages                    = {4400--4407},

  __markedentry            = {[rsinnet:2]},
  Doi                      = {10.1109/iros.2011.6094465},
  File                     = {:Kaneko2011.pdf:PDF},
  ISBN                     = {http://id.crossref.org/isbn/978-1-61284-455-8},
  Owner                    = {rsinnet},
  Timestamp                = {2014.10.24},
  Url                      = {http://dx.doi.org/10.1109/IROS.2011.6094465}
}

@Conference{Kato1974,
  Title                    = {On Theory and Practice of Robots and Manipulators: Volume I},
  Author                   = {Kato, I. and Ohteru, S. and Kobayashi, H. and Shirai, K. and Uchiyama, A.},
  Booktitle                = {Information-Power Machine with Senses and Limbs},
  Year                     = {1974},

  Address                  = {Vienna, Austria},
  Pages                    = {11--24},
  Publisher                = {Springer},
  Series                   = {International Centre for Mechanical Sciences},
  Volume                   = {201},

  __markedentry            = {[rsinnet:2]},
  Doi                      = {10.1007/978-3-7091-2993-7_2},
  File                     = {:Kato1974.pdf:PDF},
  ISBN                     = {http://id.crossref.org/isbn/978-3-7091-2993-7},
  ISSN                     = {2309-3706},
  Owner                    = {rsinnet},
  Timestamp                = {2014.10.24},
  Url                      = {http://dx.doi.org/10.1007/978-3-7091-2993-7_2}
}

@Article{Khalikoff1937,
  Title                    = {On the stability ``in the large'' of the solutions of differential equations},
  Author                   = {N. S. Khalikoff},
  Journal                  = {Bull. Soc. Phys.-Math., Kazan},
  Year                     = {1937},
  Number                   = {9},
  Pages                    = {31--57},
  Volume                   = {3},

  __markedentry            = {[rsinnet:1]},
  Owner                    = {rsinnet},
  Timestamp                = {2014.10.23}
}

@Book{Khalil2002,
  Title                    = {Nonlinear Systems},
  Author                   = {H. K. Khalil},
  Publisher                = {Prentice Hall},
  Year                     = {2002},

  Address                  = {Upper Saddle River, NJ},
  Edition                  = {3rd},

  Owner                    = {rsinnet},
  Timestamp                = {2014.10.19}
}

@Article{Kirtley1985,
  Title                    = {Influence of walking speed on gait parameters},
  Author                   = {Kirtley, C. and Whittle, M.W. and Jefferson, R.J.},
  Journal                  = {J. Biomed. Eng.},
  Year                     = {1985},
  Number                   = {4},
  Pages                    = {282--288},
  Volume                   = {7},

  Doi                      = {10.1016/0141-5425(85)90055-x},
  File                     = {:Kirtley1985.pdf:PDF},
  ISSN                     = {0141-5425},
  Owner                    = {rsinnet},
  Publisher                = {Elsevier BV},
  Timestamp                = {2014.10.16},
  Url                      = {http://dx.doi.org/10.1016/0141-5425(85)90055-X}
}

@Article{Komura2005,
  Title                    = {Simulating Pathological Gait Using the Enhanced Linear Inverted Pendulum Model},
  Author                   = {Komura, T. and Nagano, A. and Leung, H. and Shinagawa, Y.},
  Journal                  = {IEEE T. Biomed. Eng.},
  Year                     = {2005},

  Month                    = sep,
  Number                   = {9},
  Pages                    = {1502--1513},
  Volume                   = {52},

  __markedentry            = {[rsinnet:2]},
  Doi                      = {10.1109/tbme.2005.851530},
  File                     = {:Komura2005.pdf:PDF},
  ISSN                     = {0018-9294},
  Owner                    = {rsinnet},
  Publisher                = {Institute of Electrical \& Electronics Engineers (IEEE)},
  Timestamp                = {2014.10.24},
  Url                      = {http://dx.doi.org/10.1109/TBME.2005.851530}
}

@Article{Koolen2012,
  Title                    = {Capturability-based analysis and control of legged locomotion, Part 1: Theory and application to three simple gait models},
  Author                   = {Koolen, T. and de Boer, T. and Rebula, J. and Goswami, A. and Pratt, J. E.},
  Journal                  = {Int. J. Robot. Research},
  Year                     = {2012},
  Number                   = {9},
  Pages                    = {1094--1113},
  Volume                   = {31},

  __markedentry            = {[rsinnet:2]},
  Doi                      = {10.1177/0278364912452673},
  File                     = {:Koolen2012.pdf:PDF},
  ISSN                     = {1741-3176},
  Owner                    = {rsinnet},
  Publisher                = {SAGE Publications},
  Timestamp                = {2014.10.24},
  Url                      = {http://dx.doi.org/10.1177/0278364912452673}
}

@Book{Kozlov1991,
  Title                    = {Billiards: A Genetic Introduction to the Dynamics of Systems with Impacts},
  Author                   = {Kozlov, V. V. and Treshchev, D. V.},
  Publisher                = {American Mathematical Society},
  Year                     = {1991},

  Address                  = {Providence, RI},
  Series                   = {Translations of Mathematical Monographs},
  Volume                   = {89},

  __markedentry            = {[rsinnet:5]},
  Owner                    = {rsinnet},
  Timestamp                = {2014.11.09}
}

@Book{Krasovskii1963,
  Title                    = {Stability of Motion Applications of Lyapunov's Second Method to Differential Systems and Equations},
  Author                   = {N. N. Krasovski\u{\i}},
  Publisher                = {Stanford University Press},
  Year                     = {1963},

  Address                  = {Stanford, CA},

  Owner                    = {rsinnet},
  Timestamp                = {2014.10.23},
  Url                      = {https://www.scribd.com/doc/130856277/Krasovskii-Stability-of-Motion-Applications-of-Lyapunov-Second-Method-to-Differential-Systems-and-Equations-With-Delay-1963}
}

@InProceedings{Kudoh2002,
  Title                    = {The dynamic postural adjustment with the quadratic programming method},
  Author                   = {Kudoh, S. and Komura, T. and Ikeuchi, K.},
  Booktitle                = {Proc. 2002 IEEE/RSJ Int. Conf. Intel. Robots Syst.},
  Year                     = {2002},

  Address                  = {Lausanne, Switzerland},
  Month                    = sep,
  Pages                    = {2563--2568},
  Volume                   = {3},

  __markedentry            = {[rsinnet:2]},
  Doi                      = {10.1109/irds.2002.1041656},
  File                     = {:Kudoh2002.pdf:PDF},
  ISBN                     = {http://id.crossref.org/isbn/0-7803-7398-7},
  Owner                    = {rsinnet},
  Timestamp                = {2014.10.24},
  Url                      = {http://dx.doi.org/10.1109/IRDS.2002.1041656}
}

@Article{Kuo2007,
  Title                    = {Choosing Your Steps Carefully},
  Author                   = {Kuo, A. D.},
  Journal                  = {IEEE Robot. Autom. Mag.},
  Year                     = {2007},
  Number                   = {2},
  Pages                    = {18--29},
  Volume                   = {14},

  __markedentry            = {[rsinnet:2]},
  Doi                      = {10.1109/mra.2007.380653},
  File                     = {:Kuo2007.pdf:PDF},
  ISSN                     = {1070-9932},
  Owner                    = {rsinnet},
  Publisher                = {Institute of Electrical \& Electronics Engineers (IEEE)},
  Timestamp                = {2014.10.23},
  Url                      = {http://dx.doi.org/10.1109/MRA.2007.380653}
}

@Article{Kuo2002,
  Title                    = {Energetics of actively powered locomotion using the simplest walking model},
  Author                   = {Kuo, A. D.},
  Journal                  = {ASME J. Biomech. Eng.},
  Year                     = {2002},
  Number                   = {1},
  Pages                    = {113--120},
  Volume                   = {124},

  File                     = {:Kuo2002.pdf:PDF},
  Owner                    = {rsinnet},
  Timestamp                = {2014.10.24}
}

@Article{Kuo1999,
  Title                    = {Stabilization of Lateral Motion in Passive Dynamic Walking},
  Author                   = {Kuo, A. D.},
  Journal                  = {Int. J. Robot. Research},
  Year                     = {1999},
  Number                   = {9},
  Pages                    = {917--930},
  Volume                   = {18},

  __markedentry            = {[rsinnet:2]},
  Doi                      = {10.1177/02783649922066655},
  File                     = {:Kuo1999.pdf:PDF},
  ISSN                     = {0278-3649},
  Owner                    = {rsinnet},
  Publisher                = {SAGE Publications},
  Timestamp                = {2014.10.24},
  Url                      = {http://dx.doi.org/10.1177/02783649922066655}
}

@InProceedings{Kurazume2003,
  Title                    = {The sway compensation trajectory for a biped robot},
  Author                   = {Kurazume, R. and Hasegawa, T. and Yoneda, K.},
  Booktitle                = {Proc. 2003 Int. Conf. Robot. Autom.},
  Year                     = {2003},

  Address                  = {Taipei, Taiwan},
  Month                    = sep,
  Pages                    = {925--931},
  Volume                   = {1},

  __markedentry            = {[rsinnet:2]},
  Doi                      = {10.1109/robot.2003.1241711},
  File                     = {:Kurazume2003.pdf:PDF},
  ISBN                     = {http://id.crossref.org/isbn/0-7803-7736-2},
  Owner                    = {rsinnet},
  Timestamp                = {2014.10.24},
  Url                      = {http://dx.doi.org/10.1109/ROBOT.2003.1241711}
}

@Article{Kurzweil1956,
  Title                    = {On the inversion of {L}iapunov’s second theorem on stability of motion},
  Author                   = {J. Kurzweil},
  Journal                  = {Amer. Math. Soc. Transl. Ser. 2},
  Year                     = {1956},
  Pages                    = {19--77},
  Volume                   = {24},

  Owner                    = {rsinnet},
  Timestamp                = {2014.10.23}
}

@Article{Lamperski2013,
  Title                    = {Lyapunov Theory for Zeno Stability},
  Author                   = {Lamperski, A. and Ames, A. D.},
  Journal                  = {IEEE T. Automat. Contr.},
  Year                     = {2013},
  Number                   = {1},
  Pages                    = {100--112},
  Volume                   = {58},

  __markedentry            = {[rsinnet:]},
  Doi                      = {10.1109/tac.2012.2208292},
  File                     = {:Lamperski2013.pdf:PDF},
  ISSN                     = {1558-2523},
  Owner                    = {rsinnet},
  Publisher                = {Institute of Electrical \& Electronics Engineers (IEEE)},
  Timestamp                = {2014.12.02},
  Url                      = {http://dx.doi.org/10.1109/TAC.2012.2208292}
}

@Book{LaSalle1986,
  Title                    = {The Stability and Control of Discrete Processes},
  Author                   = {LaSalle, J. P.},
  Publisher                = {Springer},
  Year                     = {1986},

  Address                  = {New York},
  Series                   = {Applied Mathematical Sciences},
  Volume                   = {62},

  Doi                      = {10.1007/978-1-4612-1076-4},
  File                     = {:LaSalle1986.pdf:PDF},
  ISBN                     = {http://id.crossref.org/isbn/978-1-4612-1076-4},
  ISSN                     = {0066-5452},
  Owner                    = {rsinnet},
  Timestamp                = {2014.10.17},
  Url                      = {http://dx.doi.org/10.1007/978-1-4612-1076-4}
}

@Book{LaSalle1976,
  Title                    = {The Stability of Dynamical Systems},
  Author                   = {LaSalle, J. P.},
  Publisher                = {Society for Industrial and Applied Mathematics},
  Year                     = {1976},

  Address                  = {Philadelphia, PA},
  Series                   = {CBMS--NSF Regional Conference Series in Applied Mathematics},

  Doi                      = {10.1137/1.9781611970432},
  ISBN                     = {http://id.crossref.org/isbn/978-1-61197-043-2},
  Owner                    = {rsinnet},
  Timestamp                = {2014.10.23},
  Url                      = {http://dx.doi.org/10.1137/1.9781611970432}
}

@Article{LaSalle1964,
  Title                    = {Recent Advances in {L}iapunov Stability Theory},
  Author                   = {LaSalle, J. P.},
  Journal                  = {SIAM Review},
  Year                     = {1964},
  Number                   = {1},
  Pages                    = {1--11},
  Volume                   = {6},

  Doi                      = {10.1137/1006001},
  File                     = {:LaSalle1964.pdf:PDF},
  ISSN                     = {1095-7200},
  Owner                    = {rsinnet},
  Publisher                = {Society for Industrial \& Applied Mathematics (SIAM)},
  Timestamp                = {2014.10.23},
  Url                      = {http://dx.doi.org/10.1137/1006001}
}

@Article{LaSalle1960,
  Title                    = {Some Extensions of {L}iapunov’s Second Method},
  Author                   = {LaSalle, J. P},
  Journal                  = {IRE T. Circuit Theory},
  Year                     = {1960},
  Number                   = {4},
  Pages                    = {520--527},
  Volume                   = {7},

  Doi                      = {10.1109/tct.1960.1086720},
  File                     = {:LaSalle1960.pdf:PDF},
  ISSN                     = {0096-2007},
  Owner                    = {rsinnet},
  Publisher                = {Institute of Electrical \& Electronics Engineers (IEEE)},
  Timestamp                = {2014.10.23},
  Url                      = {http://dx.doi.org/10.1109/TCT.1960.1086720}
}

@Book{LaSalle1961,
  Title                    = {Stability by Liapunov's direct method: with applications},
  Author                   = {J. P LaSalle and S. Lefschetz},
  Publisher                = {Academic Press},
  Year                     = {1961},

  Address                  = {New York},
  Volume                   = {4},

  Owner                    = {rsinnet},
  Timestamp                = {2014.10.23}
}

@Book{Lavretsky2013,
  Title                    = {Robust and Adaptive Control: with Aerospace Applications},
  Author                   = {Lavretsky, E. and Wise, K. A.},
  Publisher                = {Springer},
  Year                     = {2013},

  Address                  = {London, U. K.},
  Volume                   = {Advanced Textbooks in Control and Signal Processing},

  Doi                      = {10.1007/978-1-4471-4396-3},
  File                     = {:Lavretsky2013.pdf:PDF},
  ISBN                     = {http://id.crossref.org/isbn/978-1-4471-4396-3},
  ISSN                     = {1439-2232},
  Owner                    = {rsinnet},
  Timestamp                = {2014.10.22},
  Url                      = {http://dx.doi.org/10.1007/978-1-4471-4396-3}
}

@Book{Lee2012,
  Title                    = {Introduction to Smooth Manifolds},
  Author                   = {Lee, J. M.},
  Publisher                = {Springer},
  Year                     = {2012},

  Address                  = {New York},
  Series                   = {Graduate Texts in Mathematics},
  Volume                   = {218},

  Doi                      = {10.1007/978-1-4419-9982-5},
  File                     = {:Lee2012.pdf:PDF},
  ISBN                     = {http://id.crossref.org/isbn/978-1-4419-9982-5},
  ISSN                     = {0072-5285},
  Owner                    = {rsinnet},
  Timestamp                = {2014.10.16},
  Url                      = {http://dx.doi.org/10.1007/978-1-4419-9982-5}
}

@Article{Levin1957,
  Title                    = {The asymptotic behavior of the stable initial manifolds of a system of nonlinear differential equations},
  Author                   = {Levin, J. J.},
  Journal                  = {Trans. Amer. Math. Soc.},
  Year                     = {1957},
  Number                   = {2},
  Pages                    = {357--368},
  Volume                   = {85},

  Doi                      = {10.1090/s0002-9947-1957-0088613-x},
  File                     = {:Levin1957.pdf:PDF},
  ISSN                     = {0002-9947},
  Owner                    = {rsinnet},
  Publisher                = {American Mathematical Society (AMS)},
  Timestamp                = {2014.10.23},
  Url                      = {http://dx.doi.org/10.1090/S0002-9947-1957-0088613-X}
}

@Article{Li2013,
  Title                    = {Walking pattern generation for a humanoid robot with compliant joints},
  Author                   = {Li, Z. and Tsagarakis, N. G. and Caldwell, D. G.},
  Journal                  = {Autonomous Robots},
  Year                     = {2013},
  Number                   = {1},
  Pages                    = {1--14},
  Volume                   = {35},

  Doi                      = {10.1007/s10514-013-9330-7},
  File                     = {:Li2013.pdf:PDF},
  ISSN                     = {1573-7527},
  Owner                    = {rsinnet},
  Publisher                = {Springer Science + Business Media},
  Timestamp                = {2014.11.09},
  Url                      = {http://dx.doi.org/10.1007/s10514-013-9330-7}
}

@InProceedings{Lim2002,
  Title                    = {Online walking pattern generation for biped humanoid robot with trunk},
  Author                   = {{H.-O.} Lim and Kaneshima, Y. and Takanishi, A.},
  Booktitle                = {Proc. 2002 Intl. Conf. Robotics Autom.},
  Year                     = {2002},

  Address                  = {Washington, DC},
  Month                    = may,
  Pages                    = {3111--3116},

  __markedentry            = {[rsinnet:2]},
  Doi                      = {10.1109/robot.2002.1013705},
  File                     = {:Lim2002.pdf:PDF},
  ISBN                     = {http://id.crossref.org/isbn/0-7803-7272-7},
  Owner                    = {rsinnet},
  Timestamp                = {2014.10.24},
  Url                      = {http://dx.doi.org/10.1109/ROBOT.2002.1013705}
}

@Article{Lin1996,
  Title                    = {A Smooth Converse {Lyapunov} Theorem for Robust Stability},
  Author                   = {Lin, Y. and Sontag, E. D. and Wang, Y.},
  Journal                  = {SIAM J. Control Optim.},
  Year                     = {1996},
  Number                   = {1},
  Pages                    = {124--160},
  Volume                   = {34},

  Doi                      = {10.1137/s0363012993259981},
  File                     = {:Lin1996.pdf:PDF},
  ISSN                     = {1095-7138},
  Owner                    = {rsinnet},
  Publisher                = {Society for Industrial \& Applied Mathematics (SIAM)},
  Timestamp                = {2014.10.16},
  Url                      = {http://dx.doi.org/10.1137/S0363012993259981}
}

@Article{Lyapunov1992,
  Title                    = {The general problem of the stability of motion},
  Author                   = {Lyapunov, A. M.},
  Journal                  = {Int. J. Control},
  Year                     = {1992},
  Number                   = {3},
  Pages                    = {531--773},
  Volume                   = {55},

  Doi                      = {10.1080/00207179208934253},
  ISSN                     = {1366-5820},
  Owner                    = {rsinnet},
  Publisher                = {Informa UK Limited},
  Timestamp                = {2014.10.19},
  Url                      = {http://dx.doi.org/10.1080/00207179208934253}
}

@Article{Lygeros2003,
  Title                    = {Dynamical properties of hybrid automata},
  Author                   = {Lygeros, J. and Johansson, K. H. and Simi{\'c}, S. N. and Zhang, J. and Sastry, S. S.},
  Journal                  = {IEEE T. Automat. Contr.},
  Year                     = {2003},
  Number                   = {1},
  Pages                    = {2--17},
  Volume                   = {48},

  Doi                      = {10.1109/tac.2002.806650},
  File                     = {:Lygeros2003.pdf:PDF},
  ISSN                     = {0018-9286},
  Owner                    = {rsinnet},
  Publisher                = {Institute of Electrical \& Electronics Engineers (IEEE)},
  Timestamp                = {2014.11.09},
  Url                      = {http://dx.doi.org/10.1109/TAC.2002.806650}
}

@InProceedings{Majumdar2013,
  Title                    = {Control design along trajectories with sums of squares programming},
  Author                   = {Majumdar, A. and Ahmadi, A. A. and Tedrake, R.},
  Booktitle                = {Proc. 2013 IEEE Int. Conf. Robot. Autom.},
  Year                     = {2013},

  Address                  = {Karlsruhe, Germany},
  Month                    = may,
  Pages                    = {4054--4061},

  __markedentry            = {[rsinnet:2]},
  Doi                      = {10.1109/icra.2013.6631149},
  File                     = {:Majumdar2013.pdf:PDF},
  ISBN                     = {http://id.crossref.org/isbn/978-1-4673-5641-1},
  Owner                    = {rsinnet},
  Timestamp                = {2014.10.24},
  Url                      = {http://dx.doi.org/10.1109/ICRA.2013.6631149}
}

@Article{Malkin1954,
  Title                    = {On the question of the reciprocal of {L}yapunov's theorem on asymptotic stability},
  Author                   = {I. G. Malkin},
  Journal                  = {Prikl. Mat. Meh.},
  Year                     = {1954},
  Note                     = {in Russian},
  Pages                    = {129--138},
  Volume                   = {18},

  Owner                    = {rsinnet},
  Timestamp                = {2014.10.23}
}

@Article{Malkin1938,
  Title                    = {Verallgemeinerung des Fundamentalsatzes von {Liapounoff}},
  Author                   = {I. G. Malkin},
  Journal                  = {Doklady Akademii Nauk SSSR},
  Year                     = {1938},
  Pages                    = {162--164},
  Volume                   = {18},

  __markedentry            = {[rsinnet:1]},
  Owner                    = {rsinnet},
  Timestamp                = {2014.10.23}
}

@InProceedings{Manko1992,
  Title                    = {A General Model of Legged Locomotion on Natural Terrain},
  Author                   = {Manko, D. J.},
  Booktitle                = {Legged Locomotion Model},
  Year                     = {1992},

  Address                  = {New York},
  Pages                    = {17--31},
  Publisher                = {Springer},
  Series                   = {The Springer International Series in Engineering and Computer Science -- Robotics: Vision, Manipulation and Sensors},
  Volume                   = {179},

  __markedentry            = {[rsinnet:5]},
  Doi                      = {10.1007/978-1-4615-3574-4_3},
  File                     = {:Manko1992.pdf:PDF},
  ISBN                     = {http://id.crossref.org/isbn/978-1-4615-3574-4},
  Owner                    = {rsinnet},
  Timestamp                = {2014.10.24},
  Url                      = {http://dx.doi.org/10.1007/978-1-4615-3574-4_3}
}

@Conference{Manna1993,
  Title                    = {Verifying hybrid systems},
  Author                   = {Manna, Z. and Pnueli, A.},
  Booktitle                = {Hybrid Systems},
  Year                     = {1993},

  Address                  = {Berlin, Germany},
  Pages                    = {4–35},
  Publisher                = {Springer},
  Series                   = {Lecture Notes in Computer Science},
  Volume                   = {736},

  __markedentry            = {[rsinnet:4]},
  Doi                      = {10.1007/3-540-57318-6_22},
  File                     = {:Manna1993.pdf:PDF},
  ISBN                     = {http://id.crossref.org/isbn/978-3-540-48060-0},
  ISSN                     = {1611-3349},
  Owner                    = {rsinnet},
  Timestamp                = {2014.10.26},
  Url                      = {http://dx.doi.org/10.1007/3-540-57318-6_22}
}

@Article{Marachkoff1940,
  Title                    = {On a theorem of stability},
  Author                   = {M. Marachkoff},
  Journal                  = {Bull. Soc. Phys.-Math., Kazan},
  Year                     = {1940},
  Number                   = {12},
  Pages                    = {171--174},
  Volume                   = {3},

  Owner                    = {rsinnet},
  Timestamp                = {2014.10.23}
}

@Article{Massera1956,
  Title                    = {Contributions to Stability Theory},
  Author                   = {J. L. Massera},
  Journal                  = {Ann. Math.},
  Year                     = {1956},
  Number                   = {1},
  Pages                    = {182--206},
  Volume                   = {64},

  Doi                      = {10.2307/1969955},
  File                     = {:Massera1956.pdf:PDF},
  Owner                    = {rsinnet},
  Timestamp                = {2014.10.23},
  Url                      = {http://dx.doi.org/10.2307/1969955}
}

@Article{Massera1949,
  Title                    = {On {L}iapounoff's Conditions of Stability},
  Author                   = {J. L. Massera},
  Journal                  = {Ann. Math.},
  Year                     = {1949},
  Number                   = {3},
  Pages                    = {705--721},
  Volume                   = {50},

  Doi                      = {10.2307/1969558},
  File                     = {:Massera1949.pdf:PDF},
  Owner                    = {rsinnet},
  Timestamp                = {2014.10.23},
  Url                      = {http://dx.doi.org/10.2307/1969558}
}

@Article{Matorosov1962,
  Title                    = {On the stability of motion},
  Author                   = {Matorosov, V. M.},
  Journal                  = {J. Appl. Math. Mech.},
  Year                     = {1962},
  Pages                    = {1337--1353},
  Volume                   = {26},

  __markedentry            = {[rsinnet:1]},
  Owner                    = {rsinnet},
  Timestamp                = {2014.10.25}
}

@Book{Matveev2000,
  Title                    = {Qualitative Theory of Hybrid Dynamical Systems},
  Author                   = {Matveev, A. S. and Savkin, A. V.},
  Publisher                = {Birkh{\"{a}}user},
  Year                     = {2000},

  Address                  = {Boston},
  Series                   = {Control Engineering},

  __markedentry            = {[rsinnet:3]},
  Doi                      = {10.1007/978-1-4612-1364-2},
  File                     = {:Matveev2000.pdf:PDF},
  ISBN                     = {http://id.crossref.org/isbn/978-1-4612-1364-2},
  Owner                    = {rsinnet},
  Timestamp                = {2014.10.25},
  Url                      = {http://dx.doi.org/10.1007/978-1-4612-1364-2}
}

@Article{McGeer1990,
  Title                    = {Passive Dynamic Walking},
  Author                   = {McGeer, T.},
  Journal                  = {Int. J. Robot. Research},
  Year                     = {1990},
  Number                   = {2},
  Pages                    = {62--82},
  Volume                   = {9},

  __markedentry            = {[rsinnet:2]},
  Doi                      = {10.1177/027836499000900206},
  File                     = {:McGeer1990.pdf:PDF},
  ISSN                     = {0278-3649},
  Owner                    = {rsinnet},
  Publisher                = {SAGE Publications},
  Timestamp                = {2014.10.24},
  Url                      = {http://dx.doi.org/10.1177/027836499000900206}
}

@InProceedings{McGeer1990a,
  Title                    = {Passive walking with knees},
  Author                   = {McGeer, T.},
  Booktitle                = {Proc. 1990 IEEE. Int. Conf. Robot. Autom.},
  Year                     = {1990},

  Address                  = {Cincinnati},
  Month                    = may,
  Pages                    = {1640--1645},
  Volume                   = {3},

  __markedentry            = {[rsinnet:2]},
  Doi                      = {10.1109/robot.1990.126245},
  File                     = {:McGeer1990a.pdf:PDF},
  ISBN                     = {http://id.crossref.org/isbn/0-8186-9061-5},
  Owner                    = {rsinnet},
  Timestamp                = {2014.10.24},
  Url                      = {http://dx.doi.org/10.1109/ROBOT.1990.126245}
}

@Article{McMahon1990,
  Title                    = {The mechanics of running: How does stiffness couple with speed?},
  Author                   = {McMahon, T. A. and Cheng, G. C.},
  Journal                  = {J. Biomech.},
  Year                     = {1990},
  Pages                    = {65--78},
  Volume                   = {23},

  __markedentry            = {[rsinnet:2]},
  Doi                      = {10.1016/0021-9290(90)90042-2},
  File                     = {:McMahon1990.pdf:PDF},
  ISSN                     = {0021-9290},
  Owner                    = {rsinnet},
  Publisher                = {Elsevier BV},
  Timestamp                = {2014.10.24},
  Url                      = {http://dx.doi.org/10.1016/0021-9290(90)90042-2}
}

@Book{Michel2007,
  Title                    = {Stability of Dynamical Systems: Continuous, Discontinuous, and Discrete Systems},
  Author                   = {Michel, A. N. and Hou, L. and Liu, D.},
  Publisher                = {Birkha\"user},
  Year                     = {2007},

  Address                  = {Boston, MA},
  Series                   = {Systems \& Control: Foundations \& Applications},

  Doi                      = {10.1007/978-0-8176-4649-3},
  File                     = {:Michel2007.pdf:PDF},
  Owner                    = {rsinnet},
  Timestamp                = {2014.10.17},
  Url                      = {http://dx.doi.org/10.1007/978-0-8176-4649-3}
}

@Article{Michel1999,
  Title                    = {Towards a stability theory of general hybrid dynamical systems},
  Author                   = {Michel, A. N. and Hu, B.},
  Journal                  = {Automatica},
  Year                     = {1999},
  Number                   = {3},
  Pages                    = {371--384},
  Volume                   = {35},

  Doi                      = {10.1016/s0005-1098(98)00165-4},
  File                     = {:Michel1999.pdf:PDF},
  ISSN                     = {0005-1098},
  Owner                    = {rsinnet},
  Publisher                = {Elsevier BV},
  Timestamp                = {2014.10.16},
  Url                      = {http://dx.doi.org/10.1016/S0005-1098(98)00165-4}
}

@Article{Miura1984,
  Title                    = {Dynamic Walk of a Biped},
  Author                   = {Miura, H. and Shimoyama, I.},
  Journal                  = {Int. J. Robot. Research},
  Year                     = {1984},
  Number                   = {2},
  Pages                    = {60--74},
  Volume                   = {3},

  __markedentry            = {[rsinnet:2]},
  Doi                      = {10.1177/027836498400300206},
  File                     = {:Miura1984.pdf:PDF},
  ISSN                     = {0278-3649},
  Owner                    = {rsinnet},
  Publisher                = {SAGE Publications},
  Timestamp                = {2014.10.24},
  Url                      = {http://dx.doi.org/10.1177/027836498400300206}
}

@Article{Mochon1980,
  Title                    = {Ballistic walking},
  Author                   = {Mochon, S. and McMahon, T. A.},
  Journal                  = {J. Biomech.},
  Year                     = {1980},
  Number                   = {1},
  Pages                    = {49--57},
  Volume                   = {13},

  __markedentry            = {[rsinnet:2]},
  Doi                      = {10.1016/0021-9290(80)90007-x},
  File                     = {:Mochon1980.pdf:PDF},
  ISSN                     = {0021-9290},
  Owner                    = {rsinnet},
  Publisher                = {Elsevier BV},
  Timestamp                = {2014.10.24},
  Url                      = {http://dx.doi.org/10.1016/0021-9290(80)90007-X}
}

@Article{Mochon1980a,
  Title                    = {Ballistic walking: an improved model},
  Author                   = {Mochon, S. and McMahon, T. A.},
  Journal                  = {Math. Biosci.},
  Year                     = {1980},
  Number                   = {3--4},
  Pages                    = {241--260},
  Volume                   = {52},

  __markedentry            = {[rsinnet:5]},
  Doi                      = {10.1016/0025-5564(80)90070-x},
  File                     = {:Mochon1980a.pdf:PDF},
  ISSN                     = {0025-5564},
  Owner                    = {rsinnet},
  Publisher                = {Elsevier BV},
  Timestamp                = {2014.10.24},
  Url                      = {http://dx.doi.org/10.1016/0025-5564(80)90070-X}
}

@Book{Moerdijk2003,
  Title                    = {Introduction to Foliations and Lie Groupoids},
  Author                   = {Moerdijk, I. and Mr\v{c}un, J.},
  Publisher                = {Cambridge University Press},
  Year                     = {2003},

  Address                  = {Cambridge, U. K.},

  Doi                      = {10.1017/cbo9780511615450},
  File                     = {:Moerdijk2003.pdf:PDF},
  ISBN                     = {http://id.crossref.org/isbn/9780521539609},
  Owner                    = {rsinnet},
  Timestamp                = {2014.10.16},
  Url                      = {http://dx.doi.org/10.1017/CBO9780511615450}
}

@Article{Morris2009,
  Title                    = {Hybrid Invariant Manifolds in Systems With Impulse Effects With Application to Periodic Locomotion in Bipedal Robots},
  Author                   = {Morris, B. and Grizzle, J. W.},
  Journal                  = {IEEE T. Automat. Contr.},
  Year                     = {2009},

  Month                    = aug,
  Number                   = {8},
  Pages                    = {1751--1764},
  Volume                   = {54},

  Doi                      = {10.1109/tac.2009.2024563},
  File                     = {:Morris2009.pdf:PDF},
  ISSN                     = {1558-2523},
  Owner                    = {rsinnet},
  Publisher                = {Institute of Electrical \& Electronics Engineers (IEEE)},
  Timestamp                = {2014.11.12},
  Url                      = {http://dx.doi.org/10.1109/TAC.2009.2024563}
}

@InProceedings{Morris2005,
  Title                    = {A Restricted {Poincar\'e} Map for Determining Exponentially Stable Periodic Orbits in Systems with Impulse Effects: Application to Bipedal Robots},
  Author                   = {Morris, B. and Grizzle, J. W.},
  Booktitle                = {Proc. 44th IEEE Conf. Decision Control},
  Year                     = {2005},

  Address                  = {Seville},
  Month                    = dec,
  Pages                    = {4199--4206},

  Doi                      = {10.1109/cdc.2005.1582821},
  File                     = {:Morris2005.pdf:PDF},
  ISBN                     = {http://id.crossref.org/isbn/0-7803-9567-0},
  Owner                    = {rsinnet},
  Timestamp                = {2014.10.22},
  Url                      = {http://dx.doi.org/10.1109/CDC.2005.1582821}
}

@Article{Mousa1986,
  Title                    = {Stability analysis of hybrid composite dynamical systems: Descriptions involving operators and difference equations},
  Author                   = {Mousa, M. and Miller, R. and Michel, A.},
  Journal                  = {IEEE T. Automat. Contr.},
  Year                     = {1986},
  Number                   = {7},
  Pages                    = {603--615},
  Volume                   = {31},

  Doi                      = {10.1109/tac.1986.1104346},
  File                     = {:Mousa1986.pdf:PDF},
  ISSN                     = {0018-9286},
  Owner                    = {rsinnet},
  Publisher                = {Institute of Electrical \& Electronics Engineers (IEEE)},
  Timestamp                = {2014.10.16},
  Url                      = {http://dx.doi.org/10.1109/TAC.1986.1104346}
}

@Article{Murakami1988,
  Title                    = {On the asymptotic property of the ordinary differential equation},
  Author                   = {Murakami, K. and Yamamoto, M.},
  Journal                  = {Proc. Japan Acad, Ser. A, Math. Sci.},
  Year                     = {1988},
  Number                   = {10},
  Pages                    = {373--376},
  Volume                   = {64},

  __markedentry            = {[rsinnet:1]},
  Doi                      = {10.3792/pjaa.64.373},
  File                     = {:Murakami1988.pdf:PDF},
  ISSN                     = {0386-2194},
  Owner                    = {rsinnet},
  Publisher                = {Project Euclid},
  Timestamp                = {2014.10.25},
  Url                      = {http://dx.doi.org/10.3792/pjaa.64.373}
}

@Book{Murray1994,
  Title                    = {A Mathematical Introduction to Robotic Manipulation},
  Author                   = {R. M. Murray and Z. Li and S. S. Sastry},
  Publisher                = {CRC Press},
  Year                     = {1994},

  Address                  = {Boca Raton, FL},

  File                     = {:Murray1994.pdf:PDF},
  Owner                    = {rsinnet},
  Timestamp                = {2014.10.22}
}

@InProceedings{Nagasaka1999,
  Title                    = {Dynamic walking pattern generation for a humanoid robot based on optimal gradient method},
  Author                   = {Nagasaka, K. and Inoue, H. and Inaba, M.},
  Booktitle                = {IEEE Int. Conf. Syst. Man Cy.},
  Year                     = {1999},

  Address                  = {Tokyo, Japan},
  Month                    = oct,
  Pages                    = {908--913},
  Volume                   = {6},

  __markedentry            = {[rsinnet:2]},
  Doi                      = {10.1109/icsmc.1999.816673},
  File                     = {:Nagasaka1999.pdf:PDF},
  ISBN                     = {http://id.crossref.org/isbn/0-7803-5731-0},
  Owner                    = {rsinnet},
  Timestamp                = {2014.10.24},
  Url                      = {http://dx.doi.org/10.1109/ICSMC.1999.816673}
}

@InProceedings{Nishiwaki2002,
  Title                    = {Online generation of humanoid walking motion based on a fast generation method of motion pattern that follows desired {ZMP}},
  Author                   = {Nishiwaki, K. and Kagami, S. and Kuniyoshi, Y. and Inaba, M. and Inoue, H.},
  Booktitle                = {IEEE/RSJ Int. Conf. Intel. Robots Syst.},
  Year                     = {2002},

  Address                  = {Lausanne, Switzerland},
  Month                    = sep,
  Pages                    = {2684--2689},
  Volume                   = {3},

  __markedentry            = {[rsinnet:2]},
  Doi                      = {10.1109/irds.2002.1041675},
  File                     = {:Nishiwaki2002.pdf:PDF},
  ISBN                     = {http://id.crossref.org/isbn/0-7803-7398-7},
  Owner                    = {rsinnet},
  Timestamp                = {2014.10.24},
  Url                      = {http://dx.doi.org/10.1109/IRDS.2002.1041675}
}

@InProceedings{Ogura2006,
  Title                    = {Development of a new humanoid robot {WABIAN-2}},
  Author                   = {Y. Ogura and Aikawa, H. and Shimomura, K. and Kondo, H. and Morishima, A. and {H.-O.} Lim and Takanishi, A.},
  Booktitle                = {Proc. 2006 IEEE Int. Conf. Robot. Autom.},
  Year                     = {2006},

  Address                  = {Orlando, FL},
  Month                    = may,
  Pages                    = {76--81},

  __markedentry            = {[rsinnet:2]},
  Doi                      = {10.1109/robot.2006.1641164},
  File                     = {:Ogura2006.pdf:PDF},
  ISBN                     = {http://id.crossref.org/isbn/0-7803-9505-0},
  Owner                    = {rsinnet},
  Timestamp                = {2014.10.24},
  Url                      = {http://dx.doi.org/10.1109/ROBOT.2006.1641164}
}

@Article{Or2011,
  Title                    = {Stability and Completion of {Z}eno Equilibria in {L}agrangian Hybrid Systems},
  Author                   = {Or, Y. and Ames, A. D.},
  Journal                  = {IEEE T. Automat. Contr.},
  Year                     = {2011},
  Number                   = {6},
  Pages                    = {1322--1336},
  Volume                   = {56},

  __markedentry            = {[rsinnet:6]},
  Doi                      = {10.1109/tac.2010.2080790},
  File                     = {:Or2011.pdf:PDF},
  ISSN                     = {0018-9286},
  Owner                    = {rsinnet},
  Publisher                = {Institute of Electrical \& Electronics Engineers (IEEE)},
  Timestamp                = {2014.12.02},
  Url                      = {http://dx.doi.org/10.1109/TAC.2010.2080790}
}

@InProceedings{Park2005,
  Title                    = {Mechanical design of humanoid robot platform {KHR-3} ({KAIST} {H}umanoid {R}obot 3: {HUBO})},
  Author                   = {{I.-W.} Park and {J.-Y.} Kim and J. Lee and {J.-H.} Oh},
  Booktitle                = {Proc. 5th IEEE--RAS Int. Conf. Humanoid Robots},
  Year                     = {2005},

  Address                  = {Tsukuba, Japan},
  Month                    = dec,
  Pages                    = {321--326},

  __markedentry            = {[rsinnet:2]},
  Doi                      = {10.1109/ichr.2005.1573587},
  File                     = {:Park2005.pdf:PDF},
  ISBN                     = {http://id.crossref.org/isbn/0-7803-9320-1},
  Owner                    = {rsinnet},
  Timestamp                = {2014.10.24},
  Url                      = {http://dx.doi.org/10.1109/ICHR.2005.1573587}
}

@InProceedings{Park1998,
  Title                    = {Biped robot walking using gravity-compensated inverted pendulum mode and computed torque control},
  Author                   = {Park, J. H. and Kim, K. D.},
  Booktitle                = {Prof. 1998 Int. Conf. Robot. Autom.},
  Year                     = {1998},

  Address                  = {Leuven, Belgium},
  Month                    = may,
  Pages                    = {3528--3533},
  Volume                   = {4},

  Doi                      = {10.1109/robot.1998.680985},
  File                     = {:Park1998.pdf:PDF},
  ISBN                     = {http://id.crossref.org/isbn/0-7803-4300-X},
  Owner                    = {rsinnet},
  Timestamp                = {2014.10.24},
  Url                      = {http://dx.doi.org/10.1109/ROBOT.1998.680985}
}

@Book{Parker1989,
  Title                    = {Practical Numerical Algorithms for Chaotic Systems},
  Author                   = {Parker, T. S. and Chua, L. O.},
  Publisher                = {Springer},
  Year                     = {1989},

  Address                  = {New York},

  Doi                      = {10.1007/978-1-4612-3486-9},
  File                     = {:Parker1989.pdf:PDF},
  ISBN                     = {http://id.crossref.org/isbn/978-1-4612-3486-9},
  Owner                    = {rsinnet},
  Timestamp                = {2014.10.19},
  Url                      = {http://dx.doi.org/10.1007/978-1-4612-3486-9}
}

@Article{Patton1999,
  Title                    = {Evaluation of a model that determines the stability limits of dynamic balance},
  Author                   = {Patton, J. L. and Pai, {Y.-C.} and Lee, W. A.},
  Journal                  = {Gait Posture},
  Year                     = {1999},
  Number                   = {1},
  Pages                    = {38--49},
  Volume                   = {9},

  __markedentry            = {[rsinnet:2]},
  Doi                      = {10.1016/s0966-6362(98)00037-x},
  File                     = {:Patton1999.pdf:PDF},
  ISSN                     = {0966-6362},
  Owner                    = {rsinnet},
  Publisher                = {Elsevier BV},
  Timestamp                = {2014.10.24},
  Url                      = {http://dx.doi.org/10.1016/S0966-6362(98)00037-X}
}

@Book{Perko2001,
  Title                    = {Differential Equations and Dynamical Systems},
  Author                   = {L. Perko},
  Publisher                = {Springer},
  Year                     = {2001},

  Address                  = {New York},
  Series                   = {Texts in Applied Mathematics},
  Volume                   = {7},
  Doi                      = {10.1007/978-1-4684-0392-3},
  File                     = {:Perko2001.pdf:PDF},
  Keywords                 = {ISBN-13:,9780387951164}
}

@InProceedings{Pfeiffer2002,
  Title                    = {The concept of {J}ogging {JOHNNIE}},
  Author                   = {Pfeiffer, F. and Loffler, K. and Gienger, M.},
  Booktitle                = {Proc. 2002 Intl. Conf. Robot. Autom.},
  Year                     = {2002},

  Address                  = {Washington, DC},
  Month                    = may,
  Pages                    = {3129--3135},
  Volume                   = {3},

  __markedentry            = {[rsinnet:2]},
  Doi                      = {10.1109/robot.2002.1013708},
  File                     = {:Pfeiffer2002.pdf:PDF},
  ISBN                     = {http://id.crossref.org/isbn/0-7803-7272-7},
  Owner                    = {rsinnet},
  Timestamp                = {2014.10.24},
  Url                      = {http://dx.doi.org/10.1109/ROBOT.2002.1013708}
}

@Conference{Pnueli1994,
  Title                    = {Formal Techniques in Real-Time and Fault-Tolerant Systems},
  Author                   = {Pnueli, A.},
  Booktitle                = {Development of hybrid systems},
  Year                     = {1994},

  Address                  = {New York},
  Pages                    = {77--85},
  Publisher                = {Springer},
  Series                   = {Lecture Notes in Computer Science},
  Volume                   = {863},

  Doi                      = {10.1007/3-540-58468-4_160},
  File                     = {:Pnueli1994.pdf:PDF},
  ISBN                     = {http://id.crossref.org/isbn/978-3-540-48984-9},
  ISSN                     = {1611-3349},
  Owner                    = {rsinnet},
  Timestamp                = {2014.10.25},
  Url                      = {http://dx.doi.org/10.1007/3-540-58468-4_160}
}

@Article{Popovic2005,
  Title                    = {Ground Reference Points in Legged Locomotion: Definitions, Biological Trajectories and Control Implications},
  Author                   = {Popovic, M. B. and Goswami, A. and Herr, H.},
  Journal                  = {Int. J. Robot. Research},
  Year                     = {2005},
  Number                   = {12},
  Pages                    = {1013--1032},
  Volume                   = {24},

  Doi                      = {10.1177/0278364905058363},
  File                     = {:Popovic2005.pdf:PDF},
  ISSN                     = {0278-3649},
  Owner                    = {rsinnet},
  Publisher                = {SAGE Publications},
  Timestamp                = {2014.10.24},
  Url                      = {http://dx.doi.org/10.1177/0278364905058363}
}

@Article{Pratt2000,
  Title                    = {Legged robots at {MIT}: what{'}s new since {R}aibert?},
  Author                   = {Pratt, G. A.},
  Journal                  = {IEEE Robot. Autom. Mag.},
  Year                     = {2000},
  Number                   = {3},
  Pages                    = {15--19},
  Volume                   = {7},

  __markedentry            = {[rsinnet:2]},
  Doi                      = {10.1109/100.876907},
  File                     = {:Pratt2000.pdf:PDF},
  ISSN                     = {1070-9932},
  Owner                    = {rsinnet},
  Publisher                = {Institute of Electrical \& Electronics Engineers (IEEE)},
  Timestamp                = {2014.10.24},
  Url                      = {http://dx.doi.org/10.1109/100.876907}
}

@InProceedings{Pratt2006,
  Title                    = {Capture Point: A Step toward Humanoid Push Recovery},
  Author                   = {Pratt, J. and Carff, J. and Drakunov, S. and Goswami, A.},
  Booktitle                = {6th IEEE--RAS Int. Conf. Humanoid Robots},
  Year                     = {2006},

  Address                  = {Genova, Italy},
  Month                    = dec,
  Pages                    = {200--207},

  __markedentry            = {[rsinnet:2]},
  Doi                      = {10.1109/ichr.2006.321385},
  File                     = {:Pratt2006.pdf:PDF},
  ISBN                     = {http://id.crossref.org/isbn/1-4244-0200-X},
  Owner                    = {rsinnet},
  Timestamp                = {2014.10.24},
  Url                      = {http://dx.doi.org/10.1109/ICHR.2006.321385}
}

@Article{Pratt2001,
  Title                    = {Virtual Model Control: An Intuitive Approach for Bipedal Locomotion},
  Author                   = {Pratt, J. and Chew, {C.-M.} and Torres, A. and Dilworth, P. and Pratt, G.},
  Journal                  = {Int. J. Robot. Research},
  Year                     = {2001},
  Number                   = {2},
  Pages                    = {129--143},
  Volume                   = {20},

  __markedentry            = {[rsinnet:2]},
  Doi                      = {10.1177/02783640122067309},
  File                     = {:Pratt2001.pdf:PDF},
  ISSN                     = {0278-3649},
  Owner                    = {rsinnet},
  Publisher                = {SAGE Publications},
  Timestamp                = {2014.10.24},
  Url                      = {http://dx.doi.org/10.1177/02783640122067309}
}

@Article{Pratt2012,
  Title                    = {Capturability-based analysis and control of legged locomotion, Part 2: Application to {M2V2}, a lower-body humanoid},
  Author                   = {Pratt, J. and Koolen, T. and de Boer, T. and Rebula, J. and Cotton, S. and Carff, J. and Johnson, M. and Neuhaus, P.},
  Journal                  = {Int. J. Robot. Research},
  Year                     = {2012},
  Number                   = {10},
  Pages                    = {1117--1133},
  Volume                   = {31},

  __markedentry            = {[rsinnet:2]},
  Doi                      = {10.1177/0278364912452762},
  File                     = {:Pratt2012.pdf:PDF},
  ISSN                     = {1741-3176},
  Owner                    = {rsinnet},
  Publisher                = {SAGE Publications},
  Timestamp                = {2014.10.24},
  Url                      = {http://dx.doi.org/10.1177/0278364912452762}
}

@InProceedings{Pratt2007,
  Title                    = {Derivation and Application of a Conserved Orbital Energy for the Inverted Pendulum Bipedal Walking Model},
  Author                   = {Pratt, J. E. and Drakunov, S. V.},
  Booktitle                = {Proc. 2007 IEEE Int. Conf. Robot. Autom.},
  Year                     = {2007},

  Address                  = {Rome, Italy},
  Month                    = apr,
  Pages                    = {4653--4660},

  __markedentry            = {[rsinnet:2]},
  Doi                      = {10.1109/robot.2007.364196},
  File                     = {:Pratt2007.pdf:PDF},
  ISBN                     = {http://id.crossref.org/isbn/1-4244-0601-3},
  ISSN                     = {1050-4729},
  Owner                    = {rsinnet},
  Timestamp                = {2014.10.24},
  Url                      = {http://dx.doi.org/10.1109/ROBOT.2007.364196}
}

@Conference{Pratt1999,
  Title                    = {2nd International Conference on Climbing and Walking Robots and the Support Technologies for Mobile Machines: CLAWAR 99},
  Author                   = {Pratt, J. E. and Pratt, G. A.},
  Booktitle                = {Exploiting natural dynamics in the control of {3D} bipedal walking simulation},
  Year                     = {1999},

  Address                  = {Hoboken, NJ},
  Pages                    = {797--807},
  Publisher                = {John Wiley \& Sons},

  __markedentry            = {[rsinnet:2]},
  File                     = {:Pratt1999.pdf:PDF},
  Owner                    = {rsinnet},
  Timestamp                = {2014.10.24}
}

@InProceedings{Pratt2006a,
  Title                    = {Fast Motions in Biomechanics and Robotics},
  Author                   = {Pratt, J. E. and Tedrake, R.},
  Booktitle                = {Velocity-Based Stability Margins for Fast Bipedal Walking},
  Year                     = {2006},

  Address                  = {Berlin, Germany},
  Pages                    = {299--324},
  Publisher                = {Springer},
  Series                   = {Lecture Notes in Control and Information Sciences},
  Volume                   = {340},

  __markedentry            = {[rsinnet:2]},
  Doi                      = {10.1007/978-3-540-36119-0_14},
  File                     = {:Pratt2006a.pdf:PDF},
  ISBN                     = {http://id.crossref.org/isbn/978-3-540-36118-3},
  Owner                    = {rsinnet},
  Timestamp                = {2014.10.24},
  Url                      = {http://dx.doi.org/10.1007/978-3-540-36119-0_14}
}

@Article{Raibert1990,
  Title                    = {Trotting, pacing and bounding by a quadruped robot},
  Author                   = {Raibert, M. H.},
  Journal                  = {J. Biomech.},
  Year                     = {1990},
  Pages                    = {79--98},
  Volume                   = {23},

  __markedentry            = {[rsinnet:2]},
  Doi                      = {10.1016/0021-9290(90)90043-3},
  File                     = {:Raibert1990.pdf:PDF},
  ISSN                     = {0021-9290},
  Owner                    = {rsinnet},
  Publisher                = {Elsevier BV},
  Timestamp                = {2014.10.24},
  Url                      = {http://dx.doi.org/10.1016/0021-9290(90)90043-3}
}

@Book{Raibert1986,
  Title                    = {Legged Robots That Balance},
  Author                   = {M. H. Raibert},
  Publisher                = {MIT Press},
  Year                     = {1986},

  Address                  = {Cambridge, MA},
  Series                   = {Artificial Intelligence Series},
  Volume                   = {15},

  __markedentry            = {[rsinnet:2]},
  Owner                    = {rsinnet},
  Timestamp                = {2014.10.24}
}

@Article{Raibert1984,
  Title                    = {Hopping in legged systems -- Modeling and simulation for the two-dimensional one-legged case},
  Author                   = {Raibert, M. H.},
  Journal                  = {IEEE T. Syst. Man Cy.},
  Year                     = {1984},
  Number                   = {3},
  Pages                    = {451--463},
  Volume                   = {SMC-14},

  __markedentry            = {[rsinnet:2]},
  Doi                      = {10.1109/tsmc.1984.6313238},
  File                     = {:Raibert1984.pdf:PDF},
  ISSN                     = {2168-2909},
  Owner                    = {rsinnet},
  Publisher                = {Institute of Electrical \& Electronics Engineers (IEEE)},
  Timestamp                = {2014.10.24},
  Url                      = {http://dx.doi.org/10.1109/TSMC.1984.6313238}
}

@Article{Raibert1984a,
  Title                    = {Experiments in Balance With a {2D} One-Legged Hopping Machine},
  Author                   = {Raibert, M. H. and {Brown, Jr.}, H. B.},
  Journal                  = {J. Dynamic Syst. Meas. Control},
  Year                     = {1984},
  Number                   = {1},
  Pages                    = {75},
  Volume                   = {106},

  __markedentry            = {[rsinnet:2]},
  Doi                      = {10.1115/1.3149668},
  File                     = {:Raibert1984a.pdf:PDF},
  ISSN                     = {0022-0434},
  Owner                    = {rsinnet},
  Publisher                = {ASME International},
  Timestamp                = {2014.10.24},
  Url                      = {http://dx.doi.org/10.1115/1.3149668}
}

@Article{Raibert1984b,
  Title                    = {Experiments in Balance with a {3D} One-Legged Hopping Machine},
  Author                   = {Raibert, M. H. and {Brown, Jr.}, H. B. and Chepponis, M.},
  Journal                  = {Int. J. Robot. Research},
  Year                     = {1984},
  Number                   = {2},
  Pages                    = {75--92},
  Volume                   = {3},

  __markedentry            = {[rsinnet:5]},
  Doi                      = {10.1177/027836498400300207},
  File                     = {:Raibert1984b.pdf:PDF},
  ISSN                     = {0278-3649},
  Owner                    = {rsinnet},
  Publisher                = {SAGE Publications},
  Timestamp                = {2014.10.24},
  Url                      = {http://dx.doi.org/10.1177/027836498400300207}
}

@Article{Raibert1986a,
  Title                    = {Running on four legs as though they were one},
  Author                   = {Raibert, M. H. and Chepponis, M. and {Brown, Jr.}, H. B.},
  Journal                  = {IEEE J. Robot. Autom.},
  Year                     = {1986},
  Number                   = {2},
  Pages                    = {70--82},
  Volume                   = {RA-2},

  __markedentry            = {[rsinnet:2]},
  Doi                      = {10.1109/jra.1986.1087044},
  File                     = {:Raibert1986a.pdf:PDF},
  ISSN                     = {0882-4967},
  Owner                    = {rsinnet},
  Publisher                = {Institute of Electrical \& Electronics Engineers (IEEE)},
  Timestamp                = {2014.10.24},
  Url                      = {http://dx.doi.org/10.1109/JRA.1986.1087044}
}

@InProceedings{Rebula2007,
  Title                    = {Learning Capture Points for humanoid push recovery},
  Author                   = {Rebula, J. and Ca{\~n}as, F. and Pratt, J. and Goswami, A.},
  Booktitle                = {7th IEEE--RAS Int. Conf. Humanoid Robots},
  Year                     = {2007},

  Address                  = {Pittsburgh, PA},
  Month                    = nov,
  Pages                    = {65--72},

  __markedentry            = {[rsinnet:2]},
  Doi                      = {10.1109/ichr.2007.4813850},
  File                     = {:Rebula2007.pdf:PDF},
  ISBN                     = {http://id.crossref.org/isbn/978-1-4244-1861-9},
  Owner                    = {rsinnet},
  Timestamp                = {2014.10.24},
  Url                      = {http://dx.doi.org/10.1109/ICHR.2007.4813850}
}

@Book{Reithmeier1991,
  Title                    = {Periodic Solutions of Nonlinear Dynamical Systems: Numerical Computation, Stability, Bifurcation and Transition to Chaor},
  Author                   = {E. Reithmeier},
  Publisher                = {Springer},
  Year                     = {1991},

  Address                  = {Berlin, Germany},
  Series                   = {Lecture Notes in Mathematics},
  Volume                   = {1483},

  Doi                      = {10.1007/bfb0094521},
  File                     = {:Reithmeier1991.pdf:PDF},
  ISBN                     = {http://id.crossref.org/isbn/978-3-540-54512-5},
  Owner                    = {rsinnet},
  Timestamp                = {2014.10.23},
  Url                      = {http://dx.doi.org/10.1007/BFb0094521}
}

@Book{Rouche1977,
  Title                    = {Stability Theory by Liapunov’s Direct Method},
  Author                   = {Rouche, N. and Habets, P. and Laloy, M.},
  Publisher                = {Springer},
  Year                     = {1977},

  Address                  = {New York},
  Series                   = {Applied Mathematical Sciences},
  Volume                   = {22},

  Doi                      = {10.1007/978-1-4684-9362-7},
  File                     = {:Rouche1977.pdf:PDF},
  ISBN                     = {http://id.crossref.org/isbn/978-1-4684-9362-7},
  ISSN                     = {0066-5452},
  Owner                    = {rsinnet},
  Timestamp                = {2014.10.23},
  Url                      = {http://dx.doi.org/10.1007/978-1-4684-9362-7}
}

@Book{Routh1877,
  Title                    = {A Treatise on the Stability of a Given State of Motion, Particularly Steady Motion},
  Author                   = {E. J. Routh},
  Publisher                = {Macmillan and co.},
  Year                     = {1877},

  Address                  = {London, U. K.},

  __markedentry            = {[rsinnet:1]},
  File                     = {:Routh1877.pdf:PDF},
  Owner                    = {rsinnet},
  Timestamp                = {2014.10.22}
}

@Article{Saberi1984,
  Title                    = {Quadratic-type {Lyapunov} functions for singularly perturbed systems},
  Author                   = {Saberi, A. and Khalil, H.},
  Journal                  = {IEEE T. Automat. Contr.},
  Year                     = {1984},
  Number                   = {6},
  Pages                    = {542--550},
  Volume                   = {29},

  Doi                      = {10.1109/tac.1984.1103586},
  File                     = {:Saberi1984.pdf:PDF},
  ISSN                     = {0018-9286},
  Owner                    = {rsinnet},
  Publisher                = {Institute of Electrical \& Electronics Engineers (IEEE)},
  Timestamp                = {2014.10.16},
  Url                      = {http://dx.doi.org/10.1109/TAC.1984.1103586}
}

@Book{Sadati2012,
  Title                    = {Hybrid Control and Motion Planning of Dynamical Legged Locomotion},
  Author                   = {Sadati, N. and Dumont, G. A. and Hamed, Kaveh A. and Gruver, W. A.},
  Publisher                = {John Wiley \& Sons},
  Year                     = {2012},

  Address                  = {Hoboken, NJ},
  Month                    = sep,

  __markedentry            = {[rsinnet:2]},
  Doi                      = {10.1002/9781118393741},
  ISBN                     = {http://id.crossref.org/isbn/9781118317075},
  Owner                    = {rsinnet},
  Timestamp                = {2014.10.23},
  Url                      = {http://dx.doi.org/10.1002/9781118393741}
}

@InProceedings{Sakagami2002,
  Title                    = {The intelligent {ASIMO}: system overview and integration},
  Author                   = {Sakagami, Y. and Watanabe, R. and Aoyama, C. and Matsunaga, S. and Higaki, N. and Fujimura, K.},
  Booktitle                = {2002 IEEE/RSJ Int. Conf. Intel. Robots Syst.},
  Year                     = {2002},

  Address                  = {Lausanne, Switzerland},
  Month                    = sep,
  Pages                    = {2478--2483},
  Volume                   = {3},

  __markedentry            = {[rsinnet:2]},
  Doi                      = {10.1109/irds.2002.1041641},
  File                     = {:Sakagami2002.pdf:PDF},
  ISBN                     = {http://id.crossref.org/isbn/0-7803-7398-7},
  Owner                    = {rsinnet},
  Timestamp                = {2014.10.24},
  Url                      = {http://dx.doi.org/10.1109/IRDS.2002.1041641}
}

@Book{Sastry1999,
  Title                    = {Nonlinear Systems},
  Author                   = {Sastry, S. S.},
  Publisher                = {Springer},
  Year                     = {1999},

  Address                  = {New York},
  Series                   = {Interdisciplinary Applied Mathematics},

  Doi                      = {10.1007/978-1-4757-3108-8},
  File                     = {:Sastry1999.pdf:PDF},
  ISBN                     = {http://id.crossref.org/isbn/978-1-4757-3108-8},
  ISSN                     = {0939-6047},
  Owner                    = {rsinnet},
  Timestamp                = {2014.10.16},
  Url                      = {http://dx.doi.org/10.1007/978-1-4757-3108-8}
}

@Book{Schaft2000,
  Title                    = {An Introduction to Hybrid Dynamical Systems},
  Author                   = {A. van der Schaft and H. Schumacher},
  Publisher                = {Springer},
  Year                     = {2000},

  Address                  = {London, U. K.},
  Series                   = {Lecture Notes in Control and Information Sciences},
  Volume                   = {251},

  Doi                      = {10.1007/bfb0109998},
  File                     = {:Schaft2000.pdf:PDF},
  ISBN                     = {http://id.crossref.org/isbn/978-1-84628-542-4},
  ISSN                     = {1610-7411},
  Owner                    = {rsinnet},
  Timestamp                = {2014.10.16},
  Url                      = {http://dx.doi.org/10.1007/BFb0109998}
}

@Article{Sell1963,
  Title                    = {Stability theory and {Lyapunov}’s second method},
  Author                   = {Sell, G. R.},
  Journal                  = {Arch. Ration. Mech. An.},
  Year                     = {1963},
  Number                   = {1},
  Pages                    = {108--126},
  Volume                   = {14},

  Doi                      = {10.1007/bf00250695},
  File                     = {:Sell1963.pdf:PDF},
  ISSN                     = {1432-0673},
  Owner                    = {rsinnet},
  Publisher                = {Springer Science + Business Media},
  Timestamp                = {2014.10.23},
  Url                      = {http://dx.doi.org/10.1007/BF00250695}
}

@Book{Sepanski2007,
  Title                    = {Compact Lie Groups},
  Author                   = {M. R. Sepanski},
  Publisher                = {Springer},
  Year                     = {2007},

  Address                  = {New York},
  Series                   = {Graduate Texts in Mathematics},
  Volume                   = {235},

  Doi                      = {10.1007/978-0-387-49158-5},
  File                     = {:Sepanski2007.pdf:PDF},
  ISBN                     = {http://id.crossref.org/isbn/978-0-387-30263-8},
  Owner                    = {rsinnet},
  Timestamp                = {2014.10.16},
  Url                      = {http://dx.doi.org/10.1007/978-0-387-49158-5}
}

@Article{Seyfarth2002,
  Title                    = {A movement criterion for running},
  Author                   = {Seyfarth, A. and Geyer, H. and G\"{u}nther, M. and Blickhan, R.},
  Journal                  = {J. Biomech.},
  Year                     = {2002},
  Number                   = {5},
  Pages                    = {649--655},
  Volume                   = {35},

  __markedentry            = {[rsinnet:2]},
  Doi                      = {10.1016/s0021-9290(01)00245-7},
  File                     = {:Seyfarth2002.pdf:PDF},
  ISSN                     = {0021-9290},
  Owner                    = {rsinnet},
  Publisher                = {Elsevier BV},
  Timestamp                = {2014.10.24},
  Url                      = {http://dx.doi.org/10.1016/S0021-9290(01)00245-7}
}

@Article{Shiriaev2010,
  Title                    = {Transverse Linearization for Controlled Mechanical Systems With Several Passive Degrees of Freedom},
  Author                   = {Shiriaev, A. S. and Freidovich, L. B. and Gusev, S. V.},
  Journal                  = {IEEE T. Automat. Contr.},
  Year                     = {2010},
  Number                   = {4},
  Pages                    = {893--906},
  Volume                   = {55},

  Doi                      = {10.1109/tac.2010.2042000},
  File                     = {:Shiriaev2010.pdf:PDF},
  ISSN                     = {1558-2523},
  Owner                    = {rsinnet},
  Publisher                = {Institute of Electrical \& Electronics Engineers (IEEE)},
  Timestamp                = {2014.10.16},
  Url                      = {http://dx.doi.org/10.1109/TAC.2010.2042000}
}

@Book{Siciliano2008,
  Title                    = {Springer Handbook of Robotics},
  Author                   = {B. Siciliano and O. Khatib},
  Publisher                = {Springer},
  Year                     = {2008},

  Address                  = {Berlin, Germany},

  __markedentry            = {[rsinnet:2]},
  Doi                      = {10.1007/978-3-540-30301-5},
  ISBN                     = {http://id.crossref.org/isbn/978-3-540-30301-5},
  Owner                    = {rsinnet},
  Timestamp                = {2014.10.23},
  Url                      = {http://dx.doi.org/10.1007/978-3-540-30301-5}
}

@Book{Siciliano1999,
  Title                    = {Robot Force Control},
  Author                   = {Siciliano, B. and Villani, L.},
  Publisher                = {Springer},
  Year                     = {1999},

  Address                  = {New York},
  Series                   = {The Springer International Series in Engineering and Computer Science},
  Volume                   = {540},

  __markedentry            = {[rsinnet:5]},
  Doi                      = {10.1007/978-1-4615-4431-9},
  File                     = {:Siciliano1999.pdf:PDF},
  ISBN                     = {http://id.crossref.org/isbn/978-1-4615-4431-9},
  Owner                    = {rsinnet},
  Timestamp                = {2014.11.09},
  Url                      = {http://dx.doi.org/10.1007/978-1-4615-4431-9}
}

@InProceedings{Sinnet2012,
  Title                    = {Extending two-dimensional human-inspired bipedal robotic walking to three dimensions through geometric reduction},
  Author                   = {Sinnet, R. W. and Ames, A. D.},
  Booktitle                = {Proc. 2012 Am. Control Conf.},
  Year                     = {2012},

  Address                  = {Montreal, Canada},
  Month                    = jun,
  Pages                    = {4831--4836},

  Doi                      = {10.1109/acc.2012.6315667},
  File                     = {:Sinnet2012.pdf:PDF},
  ISBN                     = {http://id.crossref.org/isbn/978-1-4673-2102-0},
  Owner                    = {rsinnet},
  Timestamp                = {2014.10.22},
  Url                      = {http://dx.doi.org/10.1109/ACC.2012.6315667}
}

@Article{Sinnet2012a,
  Title                    = {Bio-Inspired Feedback Control of Three-Dimensional Humanlike Bipedal Robots},
  Author                   = {Sinnet, R. W. and Ames, A. D.},
  Journal                  = {J. Robot. Mech.},
  Year                     = {2012},
  Number                   = {4},
  Pages                    = {595--601},
  Volume                   = {24},

  File                     = {:Sinnet2012a.pdf:PDF},
  Owner                    = {rsinnet},
  Timestamp                = {2014.10.22}
}

@InProceedings{Sinnet2009,
  Title                    = {{2D} bipedal walking with knees and feet: A hybrid control approach},
  Author                   = {Sinnet, R. W. and Ames, A. D.},
  Booktitle                = {Proc. 48th IEEE Conf. Decision Control/28th Chinese Control Conf.},
  Year                     = {2009},

  Address                  = {Shanghai, China},
  Month                    = dec,
  Pages                    = {3200--3207},

  Doi                      = {10.1109/cdc.2009.5400503},
  File                     = {:Sinnet2009.pdf:PDF},
  ISBN                     = {http://id.crossref.org/isbn/978-1-4244-3871-6},
  Owner                    = {rsinnet},
  Timestamp                = {2014.10.19},
  Url                      = {http://dx.doi.org/10.1109/CDC.2009.5400503}
}

@InProceedings{Sinnet2009a,
  Title                    = {{3D} bipedal walking with knees and feet: A hybrid geometric approach},
  Author                   = {Sinnet, R. W. and Ames, A. D.},
  Booktitle                = {Proc. 48th IEEE Conf. Decision Control/28th Chinese Control Conf.},
  Year                     = {2009},

  Address                  = {Shanghai, China},
  Month                    = dec,
  Pages                    = {3208--3213},

  Doi                      = {10.1109/cdc.2009.5400457},
  File                     = {:Sinnet2009a.pdf:PDF},
  ISBN                     = {http://id.crossref.org/isbn/978-1-4244-3871-6},
  Owner                    = {rsinnet},
  Timestamp                = {2014.10.19},
  Url                      = {http://dx.doi.org/10.1109/CDC.2009.5400457}
}

@Article{Sinnet2014,
  Title                    = {A human-inspired framework for bipedal robotic walking design},
  Author                   = {Sinnet, R. W. and Jiang, S. and Ames, A. D.},
  Journal                  = {Int. J. Biomech. Biomed. Robot.},
  Year                     = {2014},
  Number                   = {1},
  Pages                    = {20},
  Volume                   = {3},

  Doi                      = {10.1504/ijbbr.2014.059275},
  File                     = {:Sinnet2014.pdf:PDF},
  ISSN                     = {1757-6806},
  Owner                    = {rsinnet},
  Publisher                = {Inderscience Publishers},
  Timestamp                = {2014.10.22},
  Url                      = {http://dx.doi.org/10.1504/IJBBR.2014.059275}
}

@InProceedings{Sinnet2011a,
  Title                    = {Compass gait revisited: A human data perspective with extensions to three dimensions},
  Author                   = {Sinnet, R. W. and Powell, M. J. and Jiang, S. and Ames, A. D.},
  Booktitle                = {Proc. 50th IEEE Conf. Decision Control/European Control Conf.},
  Year                     = {2011},

  Address                  = {Orlando, FL},
  Month                    = dec,
  Pages                    = {682--689},

  Doi                      = {10.1109/cdc.2011.6161473},
  File                     = {:Sinnet2011a.pdf:PDF},
  ISBN                     = {http://id.crossref.org/isbn/978-1-61284-799-3},
  Owner                    = {rsinnet},
  Timestamp                = {2014.10.22},
  Url                      = {http://dx.doi.org/10.1109/CDC.2011.6161473}
}

@InProceedings{Sinnet2011b,
  Title                    = {A Human-Inspired Hybrid Control Approach to Bipedal Robotic Walking},
  Author                   = {Sinnet, R. W. and Powell, M. J. and Shah, R. P. and Ames, A. D.},
  Booktitle                = {Proc. 18th IFAC World Cong.},
  Year                     = {2011},

  Address                  = {Milan, Italy},
  Month                    = sep,
  Pages                    = {6904--6911},

  Doi                      = {10.3182/20110828-6-it-1002.03802},
  File                     = {:Sinnet2011b.pdf:PDF},
  ISBN                     = {http://id.crossref.org/isbn/9783902661937},
  Owner                    = {rsinnet},
  Timestamp                = {2014.10.22},
  Url                      = {http://dx.doi.org/10.3182/20110828-6-IT-1002.03802}
}

@InProceedings{Sinnet2011,
  Title                    = {Simulating prosthetic devices with human-inspired hybrid control},
  Author                   = {Sinnet, R. W. and Zhao, H. and Ames, A. D.},
  Booktitle                = {Proc. 2011 IEEE/RSJ Int. Conf. Intel. Robots Syst.},
  Year                     = {2011},

  Address                  = {San Francisco, CA},
  Month                    = sep,
  Pages                    = {1723--1730},

  Doi                      = {10.1109/iros.2011.6095186},
  File                     = {:Sinnet2011.pdf:PDF},
  ISBN                     = {http://id.crossref.org/isbn/978-1-61284-455-8},
  Owner                    = {rsinnet},
  Timestamp                = {2014.10.22},
  Url                      = {http://dx.doi.org/10.1109/IROS.2011.6095186}
}

@Article{Sontag1998,
  Title                    = {Mathematical Control Theory},
  Author                   = {Sontag, E. D.},
  Journal                  = {Texts in Applied Mathematics},
  Year                     = {1998},

  __markedentry            = {[rsinnet:5]},
  Doi                      = {10.1007/978-1-4612-0577-7},
  ISBN                     = {http://id.crossref.org/isbn/978-1-4612-0577-7},
  ISSN                     = {2196-9949},
  Owner                    = {rsinnet},
  Publisher                = {Springer New York},
  Timestamp                = {2014.11.11},
  Url                      = {http://dx.doi.org/10.1007/978-1-4612-0577-7}
}

@Article{Sontag1989,
  Title                    = {A “universal” construction of Artstein’s theorem on nonlinear stabilization},
  Author                   = {Sontag, E. D.},
  Journal                  = {Syst. Control Lett.},
  Year                     = {1989},

  Month                    = aug,
  Number                   = {2},
  Pages                    = {117–123},
  Volume                   = {13},

  Doi                      = {10.1016/0167-6911(89)90028-5},
  File                     = {:Sontag1989.pdf:PDF},
  ISSN                     = {0167-6911},
  Owner                    = {rsinnet},
  Publisher                = {Elsevier BV},
  Timestamp                = {2014.10.16},
  Url                      = {http://dx.doi.org/10.1016/0167-6911(89)90028-5}
}

@Article{Sontag1996,
  Title                    = {New characterizations of input-to-state stability},
  Author                   = {Sontag, E. D. and Y. Wang},
  Journal                  = {IEEE T. Automat. Contr.},
  Year                     = {1996},
  Number                   = {9},
  Pages                    = {1283--1294},
  Volume                   = {41},

  Doi                      = {10.1109/9.536498},
  File                     = {:Sontag1996.pdf:PDF},
  ISSN                     = {0018-9286},
  Owner                    = {rsinnet},
  Publisher                = {Institute of Electrical \& Electronics Engineers (IEEE)},
  Timestamp                = {2014.10.16},
  Url                      = {http://dx.doi.org/10.1109/9.536498}
}

@InProceedings{Spong1999,
  Title                    = {Passivity Based Control of the Compass Gait Biped},
  Author                   = {Spong, M. W.},
  Booktitle                = {Proc. 14th IFAC World Congress},
  Year                     = {1999},

  Address                  = {Beijing, China},
  Month                    = jul,
  Pages                    = {19--24},

  __markedentry            = {[rsinnet:2]},
  File                     = {:Spong1999.pdf:PDF},
  Owner                    = {rsinnet},
  Timestamp                = {2014.10.24}
}

@InProceedings{Spong2003,
  Title                    = {Further Results on Control of the Compass Gait Biped},
  Author                   = {Spong, M. W. and Bhatia, G.},
  Booktitle                = {Proc. 2003 IEEE/RSJ Int. Conf. Intel. Robots Syst.},
  Year                     = {2003},

  Address                  = {Las Vegas},
  Month                    = oct,
  Pages                    = {1933--1938},
  Volume                   = {2},

  Doi                      = {10.1109/IROS.2003.1248927},
  File                     = {:Spong2003.pdf:PDF},
  Keywords                 = {bipedal locomotion, passive walking, passivity-based control},
}

@Article{Spong2005,
  Title                    = {Controlled symmetries and passive walking},
  Author                   = {Spong, M. W. and Bullo, F.},
  Journal                  = {IEEE T. Automat. Contr.},
  Year                     = {2005},

  Month                    = jul,
  Number                   = {7},
  Pages                    = {1025--1031},
  Volume                   = {50},

  __markedentry            = {[rsinnet:2]},
  Doi                      = {10.1109/tac.2005.851449},
  File                     = {:Spong2005.pdf:PDF},
  ISSN                     = {0018-9286},
  Owner                    = {rsinnet},
  Publisher                = {Institute of Electrical \& Electronics Engineers (IEEE)},
  Timestamp                = {2014.10.24},
  Url                      = {http://dx.doi.org/10.1109/TAC.2005.851449}
}

@Article{Spong2007,
  Title                    = {Passivity-Based Control of Bipedal Locomotion},
  Author                   = {Spong, M. W. and Holm, J. K. and Lee, D.},
  Journal                  = {IEEE T. Robotic. Autom.},
  Year                     = {2007},
  Number                   = {2},
  Pages                    = {30--40},
  Volume                   = {14},

  Doi                      = {10.1109/mra.2007.380638},
  File                     = {:Spong2007.pdf:PDF},
  ISSN                     = {1070-9932},
  Owner                    = {rsinnet},
  Publisher                = {Institute of Electrical \& Electronics Engineers (IEEE)},
  Timestamp                = {2014.10.16},
  Url                      = {http://dx.doi.org/10.1109/MRA.2007.380638}
}

@PhdThesis{Stephens2011,
  Title                    = {Push Recovery Control for Force-Controlled Humanoid Robots},
  Author                   = {Stephens, B.},
  School                   = {Carnegie Mellon University},
  Year                     = {2011},

  Address                  = {Pittsburgh, PA},

  __markedentry            = {[rsinnet:2]},
  File                     = {:Stephens2011.pdf:PDF},
  Owner                    = {rsinnet},
  Timestamp                = {2014.10.24}
}

@InProceedings{Stephens2007,
  Title                    = {Humanoid push recovery},
  Author                   = {Stephens, B.},
  Booktitle                = {7th IEEE--RAS International Conference on Humanoid Robots},
  Year                     = {2007},

  Address                  = {Pittsburgh, PA},
  Month                    = nov,
  Pages                    = {589--595},

  __markedentry            = {[rsinnet:2]},
  Doi                      = {10.1109/ichr.2007.4813931},
  File                     = {:Stephens2007.pdf:PDF},
  ISBN                     = {http://id.crossref.org/isbn/978-1-4244-1861-9},
  Owner                    = {rsinnet},
  Timestamp                = {2014.10.24},
  Url                      = {http://dx.doi.org/10.1109/ICHR.2007.4813931}
}

@InProceedings{Stephens2010,
  Title                    = {Push recovery by stepping for humanoid robots with force controlled joints},
  Author                   = {Stephens, B. J. and Atkeson, C. G.},
  Booktitle                = {Proc. 10th IEEE--RAS Int. Conf. Humanoid Robots},
  Year                     = {2010},

  Address                  = {Nashville, TN},
  Month                    = dec,
  Pages                    = {52--59},

  __markedentry            = {[rsinnet:2]},
  Doi                      = {10.1109/ichr.2010.5686288},
  File                     = {:Stephens2010.pdf:PDF},
  ISBN                     = {http://id.crossref.org/isbn/978-1-4244-8688-5},
  Owner                    = {rsinnet},
  Timestamp                = {2014.10.24},
  Url                      = {http://dx.doi.org/10.1109/ICHR.2010.5686288}
}

@Article{Strauss1965,
  Title                    = {Liapunov functions and {$L^{p}$} solutions of differential equations},
  Author                   = {Strauss, A.},
  Journal                  = {Trans. Amer. Math. Soc.},
  Year                     = {1965},
  Pages                    = {37–37},
  Volume                   = {119},

  Doi                      = {10.1090/s0002-9947-1965-0178203-7},
  File                     = {:Strauss1965.pdf:PDF},
  ISSN                     = {0002-9947},
  Owner                    = {rsinnet},
  Publisher                = {American Mathematical Society (AMS)},
  Timestamp                = {2014.10.23},
  Url                      = {http://dx.doi.org/10.1090/S0002-9947-1965-0178203-7}
}

@Article{Sun2001,
  Title                    = {A further result on an implicit function theorem for locally {Lipschitz} functions},
  Author                   = {Sun, D.},
  Journal                  = {Oper. Res. Lett.},
  Year                     = {2001},
  Number                   = {4},
  Pages                    = {193--198},
  Volume                   = {28},

  Doi                      = {10.1016/s0167-6377(01)00073-6},
  File                     = {:Sun2001.pdf:PDF},
  ISSN                     = {0167-6377},
  Owner                    = {rsinnet},
  Publisher                = {Elsevier BV},
  Timestamp                = {2014.10.16},
  Url                      = {http://dx.doi.org/10.1016/S0167-6377(01)00073-6}
}

@Book{Sun2011,
  Title                    = {Stability Theory of Switched Dynamical Systems},
  Author                   = {Sun, Z. and Ge, S. S.},
  Publisher                = {Springer},
  Year                     = {2011},

  Address                  = {London, U. K.},
  Series                   = {Communications and Control Engineering},

  Doi                      = {10.1007/978-0-85729-256-8},
  File                     = {:Sun2011.pdf:PDF},
  ISBN                     = {http://id.crossref.org/isbn/978-0-85729-256-8},
  ISSN                     = {0178-5354},
  Owner                    = {rsinnet},
  Timestamp                = {2014.10.22},
  Url                      = {http://dx.doi.org/10.1007/978-0-85729-256-8}
}

@InProceedings{Taskiran2010,
  Title                    = {Trajectory generation with natural {ZMP} references for the biped walking robot {SURALP}},
  Author                   = {Ta\c{s}kiran, E. and Yilmaz, M. and Koca, \"{O}zer and Seven, U. and Erbatur, K.},
  Booktitle                = {2010 IEEE Int. Conf. Robot. Autom.},
  Year                     = {2010},

  Address                  = {Anchorage, AK},
  Month                    = may,
  Pages                    = {4237--4242},

  __markedentry            = {[rsinnet:2]},
  Doi                      = {10.1109/robot.2010.5509792},
  File                     = {:Taskiran2010.pdf:PDF},
  ISBN                     = {http://id.crossref.org/isbn/978-1-4244-5038-1},
  Owner                    = {rsinnet},
  Timestamp                = {2014.10.24},
  Url                      = {http://dx.doi.org/10.1109/ROBOT.2010.5509792}
}

@Article{Takanishi1985,
  Title                    = {The Realization of Dynamic Walking by the Biped Walking Robot {WL}-10 {RD}},
  Author                   = {Takanishi, A. and Ishida, M. and Yamazaki, Y. and Kato, I.},
  Journal                  = {J. Robot. Soc. Japan},
  Year                     = {1985},
  Number                   = {4},
  Pages                    = {325--336},
  Volume                   = {3},

  __markedentry            = {[rsinnet:2]},
  Doi                      = {10.7210/jrsj.3.325},
  File                     = {:Takanishi1985.pdf:PDF},
  ISSN                     = {1884-7145},
  Owner                    = {rsinnet},
  Publisher                = {The Robotics Society of Japan},
  Timestamp                = {2014.10.24},
  Url                      = {http://dx.doi.org/10.7210/jrsj.3.325}
}

@InProceedings{Takanishi1990,
  Title                    = {A control method for dynamic biped walking under unknown external force},
  Author                   = {Takanishi, A. and Takeya, T. and Karaki, H. and Kato, I.},
  Booktitle                = {IEEE Int. Workshop Intel. Robots Syst.},
  Year                     = {1990},

  Address                  = {Ibaraki, Japan},
  Pages                    = {795--801},
  Publisher                = {IEEE},
  Volume                   = {2},

  Doi                      = {10.1109/iros.1990.262498},
  File                     = {:Takanishi1990.pdf:PDF},
  Owner                    = {rsinnet},
  Timestamp                = {2014.10.24},
  Url                      = {http://dx.doi.org/10.1109/IROS.1990.262498}
}

@InProceedings{Takenaka2009,
  Title                    = {Real time motion generation and control for biped robot: 3$^\mathrm{rd}$ report: Dynamics error compensation},
  Author                   = {Takenaka, T. and Matsumoto, T. and Yoshiike, T.},
  Booktitle                = {2009 IEEE/RSJ Int. Conf. Intel. Robots Syst.},
  Year                     = {2009},

  Address                  = {St. Louis, MO},
  Month                    = oct,
  Pages                    = {1594--1600},

  __markedentry            = {[rsinnet:2]},
  Doi                      = {10.1109/iros.2009.5354542},
  File                     = {:Takenaka2009.pdf:PDF},
  ISBN                     = {http://id.crossref.org/isbn/978-1-4244-3803-7},
  Owner                    = {rsinnet},
  Timestamp                = {2014.10.24},
  Url                      = {http://dx.doi.org/10.1109/IROS.2009.5354542}
}

@InProceedings{Taringoo2013,
  Title                    = {Closeness of solutions and averaging for nonlinear systems on Riemannian manifolds},
  Author                   = {Taringoo, F. and Nesic, D. and Tan, Y. and Dower, P. M.},
  Booktitle                = {2013 Australian Control Conf.},
  Year                     = {2013},

  Address                  = {Perth},
  Month                    = nov,
  Pages                    = {47--52},

  Doi                      = {10.1109/aucc.2013.6697246},
  File                     = {:Taringoo2013.pdf:PDF},
  ISBN                     = {http://id.crossref.org/isbn/978-1-4799-2497-4},
  Owner                    = {rsinnet},
  Timestamp                = {2014.10.16},
  Url                      = {http://dx.doi.org/10.1109/AUCC.2013.6697246}
}

@Article{Tedrake2010,
  Title                    = {{LQR}-trees: Feedback Motion Planning via Sums-of-Squares Verification},
  Author                   = {Tedrake, R. and Manchester, I. R. and Tobenkin, M. and Roberts, J. W.},
  Journal                  = {Int. J. Robot. Research},
  Year                     = {2010},
  Number                   = {8},
  Pages                    = {1038--1052},
  Volume                   = {29},

  __markedentry            = {[rsinnet:2]},
  Doi                      = {10.1177/0278364910369189},
  File                     = {:Tedrake2010.pdf:PDF},
  ISSN                     = {1741-3176},
  Owner                    = {rsinnet},
  Publisher                = {SAGE Publications},
  Timestamp                = {2014.10.24},
  Url                      = {http://dx.doi.org/10.1177/0278364910369189}
}

@Article{Teel2000,
  Title                    = {Averaging with disturbances and closeness of solutions},
  Author                   = {Teel, A. R. and Ne\v{s}i\'{c}, D.},
  Journal                  = {Syst. Control Lett.},
  Year                     = {2000},
  Number                   = {5},
  Pages                    = {317--323},
  Volume                   = {40},

  Doi                      = {10.1016/s0167-6911(00)00024-4},
  File                     = {:Teel2000.pdf:PDF},
  ISSN                     = {0167-6911},
  Owner                    = {rsinnet},
  Publisher                = {Elsevier BV},
  Timestamp                = {2014.10.16},
  Url                      = {http://dx.doi.org/10.1016/S0167-6911(00)00024-4}
}

@InProceedings{Teel1999,
  Title                    = {Results on converse {Lyapunov} functions from class-$\mathcal{KL}$ estimates},
  Author                   = {Teel, A. R. and Praly, L.},
  Booktitle                = {Proc. 38th IEEE Conf. Decision Control},
  Year                     = {1999},

  Address                  = {Phoenix},
  Pages                    = {2545--2550},
  Volume                   = {3},

  Comment                  = {Contains a history of converse Lyapunov theorems},
  Doi                      = {10.1109/cdc.1999.831311},
  File                     = {:Teel1999.pdf:PDF},
  ISBN                     = {http://id.crossref.org/isbn/0-7803-5250-5},
  Owner                    = {rsinnet},
  Timestamp                = {2014.10.23},
  Url                      = {http://dx.doi.org/10.1109/CDC.1999.831311}
}

@Book{Teschl2012,
  Title                    = {Ordinary Differential Equations and Dynamical Systems},
  Author                   = {G. Teschl},
  Publisher                = {American Mathematical Society},
  Year                     = {2012},

  Address                  = {Providence, RI},
  Series                   = {Graduate Studies in Mathematics},
  Volume                   = {140},

  File                     = {:Teschl2012.pdf:PDF},
  Owner                    = {rsinnet},
  Timestamp                = {2014.10.22}
}

@Conference{Todd1985,
  Title                    = {Walking Machines: An Introduction to Legged Robots},
  Author                   = {Todd, D. J.},
  Booktitle                = {General principles of legged locomotion},
  Year                     = {1985},

  Address                  = {New York},
  Pages                    = {35--61},
  Publisher                = {Springer},
  Series                   = {Chapman and Hall Advanced Industrial Technology Series},

  __markedentry            = {[rsinnet:5]},
  Doi                      = {10.1007/978-1-4684-6858-8_3},
  File                     = {:Todd1985.pdf:PDF},
  ISBN                     = {http://id.crossref.org/isbn/978-1-4684-6858-8},
  Owner                    = {rsinnet},
  Timestamp                = {2014.10.24},
  Url                      = {http://dx.doi.org/10.1007/978-1-4684-6858-8_3}
}

@Article{Tomlin1998,
  Title                    = {Conflict resolution for air traffic management: a study in multiagent hybrid systems},
  Author                   = {Tomlin, C. and Pappas, G. J. and Sastry, S.},
  Journal                  = {IEEE T. Automat. Contr.},
  Year                     = {1998},
  Number                   = {4},
  Pages                    = {509--521},
  Volume                   = {43},

  __markedentry            = {[rsinnet:4]},
  Doi                      = {10.1109/9.664154},
  File                     = {:Tomlin1998.pdf:PDF},
  ISSN                     = {0018-9286},
  Owner                    = {rsinnet},
  Publisher                = {Institute of Electrical \& Electronics Engineers (IEEE)},
  Timestamp                = {2014.10.26},
  Url                      = {http://dx.doi.org/10.1109/9.664154}
}

@Article{Varaiya1993,
  Title                    = {Smart cars on smart roads: problems of control},
  Author                   = {Varaiya, P.},
  Journal                  = {IEEE T. Automat. Contr.},
  Year                     = {1993},
  Number                   = {2},
  Pages                    = {195--207},
  Volume                   = {38},

  __markedentry            = {[rsinnet:3]},
  Doi                      = {10.1109/9.250509},
  File                     = {:Varaiya1993.pdf:PDF},
  ISSN                     = {0018-9286},
  Owner                    = {rsinnet},
  Publisher                = {Institute of Electrical \& Electronics Engineers (IEEE)},
  Timestamp                = {2014.10.25},
  Url                      = {http://dx.doi.org/10.1109/9.250509}
}

@Article{Vasudevan2013,
  Title                    = {Persistent homology for automatic determination of human-data based cost of bipedal walking},
  Author                   = {Vasudevan, R. and Ames, A. D. and Bajcsy, R.},
  Journal                  = {Nonlinear An. Hybr. Syst.},
  Year                     = {2013},
  Number                   = {1},
  Pages                    = {101--115},
  Volume                   = {7},

  Doi                      = {10.1016/j.nahs.2012.07.006},
  File                     = {:Vasudevan2013.pdf:PDF},
  ISSN                     = {1751-570X},
  Owner                    = {rsinnet},
  Publisher                = {Elsevier BV},
  Timestamp                = {2014.10.22},
  Url                      = {http://dx.doi.org/10.1016/j.nahs.2012.07.006}
}

@Book{Vidyasagar1993,
  Title                    = {Nonlinear Systems Analysis},
  Author                   = {M. Vidyasagar},
  Publisher                = {Prentice Hall},
  Year                     = {1993},

  Address                  = {Englewood Cliffs, NJ},

  File                     = {:Vidyasagar1993.pdf:PDF},
  Owner                    = {rsinnet},
  Timestamp                = {2014.10.22}
}

@Article{Vukobratovic2004,
  Title                    = {Zero-Moment Point -- Thirty Five Years of Its Life},
  Author                   = {Vukobratovi\'{c}, M. and Borovac, B.},
  Journal                  = {Int. J. Human. Robot.},
  Year                     = {2004},
  Number                   = {01},
  Pages                    = {157--173},
  Volume                   = {01},

  __markedentry            = {[rsinnet:2]},
  Doi                      = {10.1142/s0219843604000083},
  File                     = {:Vukobratovic2004.pdf:PDF},
  ISSN                     = {1793-6942},
  Owner                    = {rsinnet},
  Publisher                = {World Scientific Pub Co Pte Lt},
  Timestamp                = {2014.10.24},
  Url                      = {http://dx.doi.org/10.1142/S0219843604000083}
}

@Article{Vukobratovic2006,
  Title                    = {{ZMP}: A Review of Some Basic MIsunderstandings},
  Author                   = {Vukobratovi\'{c}, M. and Borovac, B. and Potkonjak, V.},
  Journal                  = {Int. J. Human. Robot.},
  Year                     = {2006},
  Number                   = {02},
  Pages                    = {153--175},
  Volume                   = {03},

  __markedentry            = {[rsinnet:2]},
  Doi                      = {10.1142/s0219843606000710},
  File                     = {:Vukobratovic2006.pdf:PDF},
  ISSN                     = {1793-6942},
  Owner                    = {rsinnet},
  Publisher                = {World Scientific Pub Co Pte Lt},
  Timestamp                = {2014.10.24},
  Url                      = {http://dx.doi.org/10.1142/S0219843606000710}
}

@Book{Vukobratovic1990,
  Title                    = {Biped Locomotion: Dynamics, Stability, Control and Application},
  Author                   = {Vukobratovi\'{c}, M. and Borovac, B. and Surla, D. and Stoki\'{c}, D.},
  Publisher                = {Springer},
  Year                     = {1990},

  Address                  = {Berlin, Germany},
  Series                   = {Communications and Control Engineering Series},
  Volume                   = {7},

  __markedentry            = {[rsinnet:2]},
  Doi                      = {10.1007/978-3-642-83006-8},
  File                     = {:Vukobratovic1990.pdf:PDF},
  ISBN                     = {http://id.crossref.org/isbn/978-3-642-83006-8},
  Owner                    = {rsinnet},
  Timestamp                = {2014.10.19},
  Url                      = {http://dx.doi.org/10.1007/978-3-642-83006-8}
}

@Book{Walter1970,
  Title                    = {Differential and Integral Inequalities},
  Author                   = {Walter, W.},
  Publisher                = {Springer},
  Year                     = {1970},

  Address                  = {Berlin, Germany},
  Series                   = {Ergebnisse der Mathematik und ihrer Grenzgebiete},
  Volume                   = {55},

  Doi                      = {10.1007/978-3-642-86405-6},
  File                     = {:Walter1970.pdf:PDF},
  ISBN                     = {http://id.crossref.org/isbn/978-3-642-86405-6},
  Owner                    = {rsinnet},
  Timestamp                = {2014.10.23},
  Url                      = {http://dx.doi.org/10.1007/978-3-642-86405-6}
}

@InProceedings{Wei1993,
  Title                    = {Modeling of impact on a flexible beam},
  Author                   = {Wei, Q. F. and Krishnaprasad, P. S. and Dayawansa, W. P.},
  Booktitle                = {Proc. 32nd IEEE Conf. Decision Control},
  Year                     = {1993},

  Address                  = {San Antonio, TX},
  Month                    = dec,
  Pages                    = {1377--1382},
  Volume                   = {2},

  __markedentry            = {[rsinnet:5]},
  Doi                      = {10.1109/cdc.1993.325414},
  File                     = {:Wei1993.pdf:PDF},
  ISBN                     = {http://id.crossref.org/isbn/0-7803-1298-8},
  Owner                    = {rsinnet},
  Timestamp                = {2014.11.09},
  Url                      = {http://dx.doi.org/10.1109/CDC.1993.325414}
}

@InProceedings{Wendel2010,
  Title                    = {Rank properties of {Poincar\'e} maps for hybrid systems with applications to bipedal walking},
  Author                   = {Wendel, E. D. B. and Ames, A. D.},
  Booktitle                = {Proc. 13th Int. Conf. Hybrid Syst.: Comp. Control},
  Year                     = {2010},

  Address                  = {Stockholm, Sweden},
  Month                    = apr,
  Pages                    = {151--160},

  Doi                      = {10.1145/1755952.1755975},
  File                     = {:Wendel2010.pdf:PDF},
  ISBN                     = {http://id.crossref.org/isbn/9781605589558},
  Owner                    = {rsinnet},
  Timestamp                = {2014.10.19},
  Url                      = {http://dx.doi.org/10.1145/1755952.1755975}
}

@Book{Westervelt2007,
  Title                    = {Feedback Control of Dynamic Bipedal Robot Locomotion},
  Author                   = {E. R. Westervelt and J. W. Grizzle and C. Chevallereau and {J.-H.} Choi and B. J. Morris},
  Publisher                = {CRC Press},
  Year                     = {2007},

  Address                  = {Boca Raton, FL},

  Owner                    = {rsinnet},
  Timestamp                = {2014.10.22}
}

@Article{Wilson1969,
  Title                    = {Smoothing derivatives of functions and applications},
  Author                   = {Wilson, F. W.},
  Journal                  = {Trans. Amer. Math. Soc.},
  Year                     = {1969},
  Pages                    = {413--428},
  Volume                   = {139},

  Doi                      = {10.1090/s0002-9947-1969-0251747-9},
  File                     = {:Wilson1969.pdf:PDF},
  ISSN                     = {0002-9947},
  Owner                    = {rsinnet},
  Publisher                = {American Mathematical Society (AMS)},
  Timestamp                = {2014.10.23},
  Url                      = {http://dx.doi.org/10.1090/S0002-9947-1969-0251747-9}
}

@Book{Winter2009,
  Title                    = {Biomechanics and Motor Control of Human Movement},
  Author                   = {D. A. Winter},
  Publisher                = {John Wiley \& Sons},
  Year                     = {2009},

  Address                  = {Hoboken, NJ},
  Edition                  = {4th},

  Doi                      = {10.1002/9780470549148},
  File                     = {:Winter2009.pdf:PDF},
  Owner                    = {rsinnet},
  Timestamp                = {2014.10.22},
  Url                      = {http://dx.doi.org/10.1002/9780470549148}
}

@Article{Winter1995,
  Title                    = {Human balance and posture control during standing and walking},
  Author                   = {Winter, D. A.},
  Journal                  = {Gait Posture},
  Year                     = {1995},
  Number                   = {4},
  Pages                    = {193--214},
  Volume                   = {3},

  __markedentry            = {[rsinnet:2]},
  Doi                      = {10.1016/0966-6362(96)82849-9},
  File                     = {:Winter1995.pdf:PDF},
  ISSN                     = {0966-6362},
  Owner                    = {rsinnet},
  Publisher                = {Elsevier BV},
  Timestamp                = {2014.10.24},
  Url                      = {http://dx.doi.org/10.1016/0966-6362(96)82849-9}
}

@Book{Wisse2007,
  Title                    = {Delft Pneumatic Bipeds},
  Author                   = {Wisse, M. and van der Linde, R. Q.},
  Publisher                = {Springer},
  Year                     = {2007},

  Address                  = {Berlin, Germany},
  Series                   = {Springer Tracts in Advanced Robotics},
  Volume                   = {34},

  __markedentry            = {[rsinnet:2]},
  Doi                      = {10.1007/978-3-540-72808-5},
  File                     = {:Wisse2007.pdf:PDF;:Wisse2007.pdf:PDF},
  ISBN                     = {http://id.crossref.org/isbn/978-3-540-72808-5},
  ISSN                     = {1610-7438},
  Owner                    = {rsinnet},
  Timestamp                = {2014.10.23},
  Url                      = {http://dx.doi.org/10.1007/978-3-540-72808-5}
}

@InProceedings{Yamaguchi1999,
  Title                    = {Development of a bipedal humanoid robot-control method of whole body cooperative dynamic biped walking},
  Author                   = {Yamaguchi, J. and Soga, E. and Inoue, S. and Takanishi, A.},
  Booktitle                = {Proc. 1999 IEEE Int. Conf. Robot. and Autom.},
  Year                     = {1999},

  Address                  = {Detroit, MI},
  Month                    = may,
  Pages                    = {368--374},
  Volume                   = {1},

  __markedentry            = {[rsinnet:2]},
  Doi                      = {10.1109/robot.1999.770006},
  File                     = {:Yamaguchi1999.pdf:PDF},
  ISBN                     = {http://id.crossref.org/isbn/0-7803-5180-0},
  Owner                    = {rsinnet},
  Timestamp                = {2014.10.23},
  Url                      = {http://dx.doi.org/10.1109/ROBOT.1999.770006}
}

@Article{Ye1998,
  Title                    = {Stability theory for hybrid dynamical systems},
  Author                   = {H. Ye and Michel, A. N. and L. Hou},
  Journal                  = {IEEE T. Automat. Contr.},
  Year                     = {1998},
  Number                   = {4},
  Pages                    = {461--474},
  Volume                   = {43},

  Doi                      = {10.1109/9.664149},
  File                     = {:Ye1998.pdf:PDF},
  ISSN                     = {0018-9286},
  Owner                    = {rsinnet},
  Publisher                = {Institute of Electrical \& Electronics Engineers (IEEE)},
  Timestamp                = {2014.10.16},
  Url                      = {http://dx.doi.org/10.1109/9.664149}
}

@Book{Yoshizawa1975,
  Title                    = {Stability Theory and the Existence of Periodic Solutions and Almost Periodic Solutions},
  Author                   = {Yoshizawa, T.},
  Publisher                = {Springer},
  Year                     = {1975},

  Address                  = {New York},
  Series                   = {Applied Mathematical Sciences},
  Volume                   = {14},

  __markedentry            = {[rsinnet:1]},
  Doi                      = {10.1007/978-1-4612-6376-0},
  File                     = {:Yoshizawa1975.pdf:PDF},
  ISBN                     = {http://id.crossref.org/isbn/978-1-4612-6376-0},
  ISSN                     = {0066-5452},
  Owner                    = {rsinnet},
  Timestamp                = {2014.10.23},
  Url                      = {http://dx.doi.org/10.1007/978-1-4612-6376-0}
}

@InProceedings{Zeglin1998,
  Title                    = {Control of a bow leg hopping robot},
  Author                   = {Zeglin, G. and Brown, B.},
  Booktitle                = {Proc. 1998 IEEE Int. Conf. Robot. Autom.},
  Year                     = {1998},

  Address                  = {Leuven, Belgium},
  Month                    = may,
  Pages                    = {793--798},
  Volume                   = {1},

  __markedentry            = {[rsinnet:2]},
  Doi                      = {10.1109/robot.1998.677082},
  File                     = {:Zeglin1998.pdf:PDF},
  ISBN                     = {http://id.crossref.org/isbn/0-7803-4300-X},
  Owner                    = {rsinnet},
  Timestamp                = {2014.10.24},
  Url                      = {http://dx.doi.org/10.1109/ROBOT.1998.677082}
}

@Article{Zenkov2002,
  Title                    = {The {L}yapunov--{M}alkin theorem and stabilization of the unicycle with rider},
  Author                   = {Zenkov, D. V. and Bloch, A. M. and Marsden, J. E.},
  Journal                  = {Syst. Control Lett.},
  Year                     = {2002},

  Month                    = apr,
  Number                   = {4},
  Pages                    = {293--302},
  Volume                   = {45},

  Doi                      = {10.1016/s0167-6911(01)00187-6},
  File                     = {:Zenkov2002.pdf:PDF},
  ISSN                     = {0167-6911},
  Owner                    = {rsinnet},
  Publisher                = {Elsevier BV},
  Timestamp                = {2014.10.23},
  Url                      = {http://dx.doi.org/10.1016/S0167-6911(01)00187-6}
}

@Book{Zhang2005,
  Title                    = {The Schur Complement and Its Applications},
  Author                   = {F. Zhang},
  Publisher                = {Springer},
  Year                     = {2005},

  Address                  = {New York},
  Series                   = {Numerical Methods and Algorithms},
  Volume                   = {4},

  Doi                      = {10.1007/b105056},
  File                     = {:Zhang2005.pdf:PDF},
  ISBN                     = {http://id.crossref.org/isbn/0-387-24271-6},
  Owner                    = {rsinnet},
  Timestamp                = {2014.10.22},
  Url                      = {http://dx.doi.org/10.1007/b105056}
}

@Book{Grossman1993,
  Title                    = {Hybrid Systems},
  Editor                   = {Grossman, R. L. and Nerode, A. and Ravn, A. P. and Rischel, H.},
  Publisher                = {Springer},
  Year                     = {1993},

  Address                  = {Berlin, Germany},
  Series                   = {Lecture Notes in Computer Science},
  Volume                   = {736},

  __markedentry            = {[rsinnet:4]},
  Doi                      = {10.1007/3-540-57318-6},
  File                     = {:Grossman1993.pdf:PDF},
  ISBN                     = {http://id.crossref.org/isbn/978-3-540-48060-0},
  ISSN                     = {1611-3349},
  Owner                    = {rsinnet},
  Timestamp                = {2014.10.26},
  Url                      = {http://dx.doi.org/10.1007/3-540-57318-6}
}

